2085 3652
347 171 475 244 262
726 178 1034 243 Insecta.
1079 173 1561 246 Pteroclicera.

405 308 660 356 Antennae
690 305 841 353 rostri
876 304 1126 372 elongati,
1164 306 1340 372 saepius
1378 305 1669 373 longissimi
1703 317 1752 356 et
1781 306 1946 373 capite

339 393 610 440 manifesto
647 391 981 456 angustioris,
1014 392 1244 439 nutantis
1278 403 1366 439 aut
1401 391 1605 452 inflexi,
1639 391 1694 439 in
1731 391 1947 458 pectoris

338 475 505 527 canali
543 477 806 526 interdum
851 477 1161 544 recipiendi,
1202 477 1476 539 lateribus,
1519 477 1746 526 medium
1778 495 1948 527 versus

338 565 565 626 insertae,
601 564 832 614 articulis
867 565 1137 629 undecim·,
1175 566 1342 614 tribus
1373 577 1458 614 aut
1495 576 1714 631 quatuor
1749 563 1945 613 ultimis

338 662 474 700 arcte
501 653 762 715 connexis,
786 651 1013 714 clavam,
1049 664 1251 701 ovatam
1266 691 1279 714 ,
1312 653 1419 701 basi
1443 653 1659 717 abrupta
1676 688 1689 712 ‚
1719 652 1948 700 forman-

336 735 509 799 tibus;
545 735 764 785 articulo
804 737 884 785 cui
925 735 1067 786 clava
1103 736 1424 804 imponitur,
1460 737 1706 802 (septimo
1747 746 1833 783 aut
1859 753 1948 784 oc-

336 827 487 889 tavo)
537 844 562 873 a
611 825 839 891 sequenti
888 825 970 874 vel
1017 824 1242 888 ejusdem
1285 823 1438 874 clavae
1488 823 1708 873 articulo
1755 821 1948 871 initiali

339 907 699 974 magnitudine
728 908 989 958 distincto.
1021 910 1355 957 Mandibaloe
1389 911 1475 976 (ut
1499 910 1553 957 in
1577 907 1757 973 Lixis)
1780 907 1949 974 saepis·

337 995 463 1044 sime
495 995 650 1044 latere
699 1006 909 1044 externo
956 995 1017 1043 ad
1061 995 1208 1043 basin
1252 994 1467 1044 dilatato
1512 1012 1597 1042 seu
1631 992 1947 1054 auriculam,

333 1091 506 1147 postea
531 1079 646 1127 sinu
678 1090 885 1139 notato,
919 1077 1104 1127 deinde
1141 1090 1375 1142 arcuat03
1413 1063 1553 1144 apice
1577 1077 1781 1125 interno
1804 1088 1949 1126 acute

335 1166 604 1232 valideque
640 1165 937 1230 bidentat03
978 1165 1087 1213 basi
1115 1165 1317 1214 interna
1350 1165 1405 1213 in
1434 1163 1704 1213 nonnullis
1731 1163 1949 1212 subuni-

334 1252 539 1302 dentata
576 1251 656 1318 (1).
694 1255 921 1300 Labium
952 1253 1053 1301 fere
1085 1250 1293 1300 nullum
1326 1263 1413 1300 aut
1455 1250 1768 1313 obsoletum3
1803 1249 1946 1298 illius

334 1338 503 1406 palpis
528 1336 880 1386 maxillarium
914 1338 1017 1387 fere
1041 1337 1427 1405 magnitudine,
1448 1334 1690 1403 parallele
1723 1335 1784 1383 ad
1817 1334 1949 1384 latus

334 1425 602 1474 internum
654 1426 912 1492 contiguis
943 1463 956 1486 ‚
1013 1424 1244 1474 articulis
1289 1425 1575 1484 distinctis,
1612 1423 1773 1473 menti
1815 1422 1948 1489 apici

337 1510 561 1560 insertis.
590 1513 830 1558 Mentzcm
849 1528 1095 1559 corneum
1112 1548 1126 1572 ‚
1151 1510 1584 1576 subobtrigonum
1615 1520 1700 1556 aut
1721 1508 1948 1573 subqua-

337 1597 570 1659 dratum,
607 1597 669 1645 ad
687 1596 832 1644 basin
854 1596 1168 1662 stipitatum‚
1203 1597 1377 1662 stipite
1397 1614 1522 1662 saepe
1549 1595 1944 1662 elongato-sub-

338 1683 586 1749 quadrato
607 1722 620 1745 ‚
655 1684 855 1732 inferne
883 1683 1072 1731 sensim
1104 1683 1407 1749 angustiore.
1440 1684 1606 1730 Pedes
1633 1680 1814 1748 postici
1840 1697 1946 1728 non

337 1769 604 1819 saltatorii.

409 1857 604 1921 Corpus
623 1868 857 1917 ovatum,
891 1857 947 1905 in
967 1855 1209 1922 plurimis
1232 1852 1714 1902 rotundo-ovatum.
1745 1853 1948 1899 Thorax

334 1961 363 1991 a
397 1943 505 1991 basi
542 1943 604 1991 ad
650 1944 847 2010 apicem
899 1945 1086 1992 sensim
1129 1942 1428 2010 angustior-3
1478 1939 1711 2005 margine
1747 1936 1946 2003 postico

335 2027 621 2096 elytrorum
657 2030 791 2078 basis
825 2031 929 2079 fere
958 2028 1235 2079 latitudine
1259 2039 1345 2077 aut
1377 2026 1467 2076 illa
1493 2024 1645 2094 paulo
1671 2025 1950 2090 angustior.

335 2119 603 2167 Abdomen
641 2117 1045 2183 subquadratum
1080 2129 1128 2167 et
1164 2117 1225 2166 ad
1251 2116 1446 2183 apicem
1480 2110 1950 2180 producto-acumi—

337 2215 517 2252 natum
566 2216 651 2252 aut
698 2216 909 2253 ovatum
945 2217 995 2253 et
1036 2204 1097 2252 ad
1130 2203 1278 2251 basin
1327 2214 1608 2251 transverse
1651 2209 1949 2248 truncatum

337 2288 420 2337 vel
467 2289 1019 2357 trigono-quadratum.
1065 2292 1230 2339 Tibioe
1265 2307 1398 2339 unco
1437 2304 1624 2337 corneo
1662 2297 1710 2335 et
1748 2287 1952 2335 interno

339 2377 519 2444 saepius
551 2378 614 2426 ad
651 2379 845 2446 apicem
878 2378 1153 2428 instructae.

339 2529 382 2573 I.
424 2529 609 2591 Corpus
641 2528 1104 2594 oblongo-ovatum,
1145 2529 1300 2592 duplo
1337 2527 1519 2573 saltem
1558 2525 1756 2590 longius
1797 2541 1949 2598 quqm

407 2616 568 2660 latius
590 2635 609 2673 ;
648 2615 894 2662 abdomen
935 2613 1533 2682 elongato-quadratum
1579 2621 1630 2657 eb
1663 2611 1737 2658 ad
1756 2599 1948 2674 apicem

400 2701 1053 2764 prodacto-acuminatum
1080 2740 1095 2761 ,
1150 2702 1411 2765 coleoptris
1445 2697 1753 2762 longioribus
1793 2710 1947 2758 quam

401 2935 466 2995 (1)
497 2939 551 2978 In
583 2940 845 2981 curculione
885 2957 1045 2984 nucum
1082 2941 1355 2982 mandibulae
1399 2938 1647 2980 subconicae
1680 2969 1690 2993 2
1739 2935 1949 2978 dentibus

344 3013 435 3054 fere
459 3015 616 3057 nullis.
