2085 3652
339 222 510 292 Orcl.
548 223 612 290 I.
651 223 869 290 Fam.
908 220 1057 302 X.,
1103 220 1596 312 Necroplzagb'.
1733 222 1771 288 5

234 379 420 427 STIRPS
454 394 663 426 TERTIA.
704 381 1118 426 SCAPHJDJLIA.
1158 378 1497 441 Scaplzicliles.

239 497 428 560 Corpus
457 514 680 544 crassum
720 494 1022 560 (altitudine
1053 492 1381 542 latitudinem
1420 496 1524 542 fere
1552 505 1780 560 aequante

169 583 375 632 illiusve
397 585 677 633 dimidium
699 581 876 631 saltem
903 580 1229 646 superante),
1265 581 1651 647 subcllipticum
1670 619 1682 641 ,
1716 581 1779 629 ad

175 673 341 738 apices
383 683 738 738 angustatum,
773 688 922 735 supra
959 667 1108 716 valde
1150 680 1198 715 et
1236 667 1467 734 elongate
1500 681 1781 718 arcuatum.

181 762 345 824 Capul
370 760 563 808 thoraci
589 758 649 806 ad
674 756 848 806 oculos
871 774 1027 822 usque
1049 755 1325 817 intrusum,
1347 756 1790 821 subpcrpendicu-

171 845 351 893 lariter
376 844 639 893 inflexum.
664 845 866 892 'l'lzorccx
891 842 1292 908 trapeziformis,
1321 860 1345 888 a
1367 842 1472 889 basi
1501 841 1561 889 ad
1586 843 1782 907 apicem

176 930 361 977 sensim
385 939 702 995 angustatus,
717 926 1075 992 planiusculus
1097 925 1314 992 paulove
1337 937 1386 974 et
1416 926 1582 975 antice
1604 938 1788 976 rotun-

173 1016 585 1065 dato-convexus.
621 1017 788 1063 Pedes
818 1013 1072 1080 elongati3
1098 1013 1281 1078 postici
1304 1014 1533 1079 corporis
1566 1013 1665 1062 fere
1689 1013 1788 1062 sal-

174 1115 277 1152 tem
298 1104 643 1171 longitudine.
671 1105 928 1153 Antennce
955 1103 1180 1152 thoracis
1217 1101 1398 1150 saltem
1426 1100 1777 1169 longitudine,

175 1190 362 1238 sensim
405 1203 692 1239 extrorsum
738 1191 1003 1240 crassiores
1058 1201 1144 1237 aut
1190 1190 1503 1255 subabrupte
1541 1189 1746 1239 clavatae
1770 1230 1784 1254 ,

173 1274 315 1323 clava
338 1274 572 1323 articulis
595 1276 854 1340 quinque,
891 1275 1070 1341 saepius
1107 1273 1194 1321 vix
1230 1273 1577 1322 crassioribus.
1615 1277 1787 1340 Caput

172 1361 340 1410 antice
360 1362 423 1409 ab
445 1374 787 1409 antennarum
812 1374 929 1410 ortu
960 1360 1269 1427 productum
1287 1381 1307 1419 ;
1327 1364 1516 1425 Palpis
1538 1365 1790 1410 maxilla-

176 1449 318 1495 ribus
354 1447 500 1497 valde
534 1449 770 1507 exsertis,
810 1459 895 1496 aut
928 1447 1179 1496 subulatis
1215 1457 1301 1494 aut
1338 1458 1625 1495 extrorsum
1663 1449 1786 1496 sub*

178 1530 401 1580 clavatis.

237 1650 640 1690 Osssnnvmmsns.
672 1650 946 1691 Mandibulae
977 1651 1030 1690 ad
1053 1650 1224 1704 apicem
1247 1649 1514 1703 plerumque
1532 1651 1789 1691 bidcniatae.

183 1731 379 1771 Maxilla]
420 1732 467 1771 in
502 1732 712 1773 omnibus
746 1746 951 1787 processu
991 1732 1163 1785 duplici
1206 1732 1573 1782 membranace03
1605 1740 1790 1772 externo

184 1812 232 1851 in
270 1812 478 1866 plurimis
514 1821 729 1866 angusto,
767 1812 1030 1853 sublineari.
1070 1812 1278 1852 Menlum
1321 1812 1792 1866 transverso-quadra—

182 1898 281 1931 tum
297 1923 308 1943 ,
335 1891 600 1931 coriaceum.

187 2029 265 2074 II.
304 2030 636 2078 Mandibzcloe
670 2033 862 2088 breves,
904 2051 1089 2080 crassa?
1130 2032 1667 2099 (trigono-triquelroe,
1702 2032 1791 2078 suh

703 2132 849 2191 apice
881 2130 1208 2177 denticulcztoe
1226 2128 1262 2194 )

251 2264 436 2311 STmPs
471 2282 700 2319 QUARTA..
737 2269 1136 2315 DERMEs-TJNJ.
1174 2271 1509 2315 Det-mestins.

256 2383 445 2446 Corpus
467 2400 688 2431 crassum
722 2383 1031 2448 (altitudine
1059 2383 1391 2432 latitudinem
1432 2384 1535 2430 sere
1567 2392 1796 2447 aequante

187 2465 393 2514 illiusvc
407 2467 687 2515 dimidium
707 2466 881 2516 saltem
903 2463 1206 2532 superante),
1220 2468 1374 2515 submv
1384 2465 1461 2514 ale
1484 2477 1568 2513 aut
1582 2466 1799 2513 subota—

188 2564 324 2613 tum,
351 2553 585 2618 apicibus
615 2551 917 2602 rotundatis.
945 2556 1114 2620 Caput
1136 2554 1334 2603 thoraci
1361 2554 1421 2602 ad
1441 2553 1616 2602 oculos
1644 2570 1800 2619 usquo¹

192 2636 454 2685 intrusum
476 2675 490 2698 ,
524 2638 1021 2703 perpendiculariter
1056 2639 1323 2687 inflexum.
1366 2639 1568 2685 Thorax
1605 2637 1802 2699 brevis,

195 2725 361 2774 antice
382 2726 965 2774 convexo-rotundatu&
997 2728 1164 2774 Pedes
1195 2726 1400 2785 breves,
1432 2723 1662 2787 robusti3
1697 2741 1809 2788 pos—

196 2812 285 2859 tici
316 2830 530 2877 corpore
565 2814 826 2863 breviores
864 2814 1042 2876 (tihiae
1074 2812 1378 2879 spinosulae;
1422 2812 1542 2859 tarsi
1574 2810 1808 2875 breves).

201 2898 458 2946 Antennoe
492 2900 723 2962 thorace,
761 2902 988 2950 foeminis
1030 2900 1234 2961 saltem,
1271 2899 1491 2949 dimidio
1523 2899 1812 2955 brevioch

198 2981 339 3030 clava
361 2985 601 3050 abrupta,
633 2988 881 3048 maxima,
909 3006 1220 3054 compressa,
1261 2985 1493 3035 articulis
1527 2985 1694 3032 tribus
1725 2992 1813 3028 aut

203 3080 452 3135 quatuor,
488 3083 539 3120 at
565 3073 771 3122 basilari
796 3076 1030 3142 primove
1060 3075 1146 3126 vix
1176 3071 1578 3140 praecedentibus
1603 3069 1811 3123 maiore.
