2085 3652
283 194 310 237 1
327 168 411 237 2ss
753 171 1066 237 Insecta.
1120 168 1209 235 A
1212 193 1393 237 cera.

277 303 470 356 geminis
489 320 499 355 3
525 301 719 341 maxillae
744 313 922 340 sursum
947 308 1265 353 convergentes
1283 332 1295 354 3
1321 300 1336 356 (
1358 300 1470 341 labii
1490 303 1704 343 lateribus
1723 304 1896 345 incum-

282 382 437 423 bentes
465 382 480 436 )
504 382 709 433 subaeque
736 379 847 420 lalae.

341 484 661 523 OBSERVATIO.
685 482 842 521 Genus
859 481 1155 522 Latrodectus
1175 482 1479 523 Walckenaer
1500 495 1522 520 a
1540 495 1638 535 gen.
1661 483 1900 524 Theridion

282 559 497 614 distingui
517 567 664 615 posset
681 560 822 599 oculis
841 560 1100 601 lateralibus
1124 561 1242 601 inter
1261 575 1305 600 se
1327 560 1625 613 distantibus,
1645 574 1736 600 non
1761 561 1895 601 binis.

344 680 622 722 SCYTODES.
657 681 789 722 Oculi
812 697 889 724 sex
908 714 918 736 ,
950 696 1029 739 per
1051 684 1175 738 paria
1191 714 1203 736 3
1223 683 1272 724 in
1299 683 1574 738 triangulum
1596 683 1906 738 subaequilate-

283 760 376 800 rale
401 758 626 815 dispositi.

286 884 337 925 B.
366 884 496 925 Oculi
529 891 626 926 octo
659 885 707 926 in
741 883 945 925 omnibus
968 903 984 934 ,-
1011 886 1147 940 pedes
1169 887 1338 941 primi,
1373 887 1556 928 secandi
1596 886 1754 928 deinde
1774 913 1787 935 ,
1815 892 1908 926 tum

883 966 1040 1022 quarti
1066 965 1300 1023 longiores.

349 1089 603 1128 szozcvs.
641 1087 773 1126 Oculi
810 1086 898 1125 duo
931 1085 1070 1126 medii
1099 1118 1110 1138 3
1150 1086 1361 1140 geminati
1383 1117 1394 1138 3
1429 1094 1683 1127 transverse
1721 1084 1858 1140 positi
1895 1102 1906 1136 3

291 1174 381 1206 tres
403 1166 618 1218 utrinque
642 1165 874 1204 tuberculo
907 1164 1111 1220 impositi
1132 1195 1145 1212 ,
1170 1165 1220 1203 in
1246 1165 1522 1217 triangulum
1544 1164 1632 1203 sere
1661 1162 1907 1217 glomerati.

353 1247 645 1284 ΙΛΝΥΡΗΙΛ.
681 1243 811 1284 Oculi
840 1251 1032 1296 quatuor
1057 1242 1197 1283 medii
1231 1243 1280 1281 in
1306 1244 1551 1298 trapezium
1590 1241 1736 1281 antice
1761 1248 1912 1280 trans-

293 1336 423 1365 verse
440 1324 670 1377 angustius
692 1323 886 1363 ordinati
906 1342 915 1375 3
935 1322 1109 1362 duobus
1135 1322 1306 1378 superis
1323 1322 1580 1362 eorumdem
1601 1327 1750 1377 aperte
1774 1321 1914 1374 majo—

294 1404 420 1446 ribus
436 1435 446 1455 3
465 1418 555 1443 uno
577 1404 631 1442 ab
648 1404 784 1443 altero
805 1403 1078 1443 distantibus
1095 1421 1106 1456 3
1126 1401 1385 1443 lateralibus
1401 1402 1590 1456 geminis
1603 1433 1617 1449 ,
1640 1400 1911 1441 minoribus.

360 1485 768 1523 TETRAGNATHA.
803 1482 936 1522 Oculi
975 1482 1219 1523 secundum
1262 1482 1405 1521 lineas
1453 1481 1563 1521 duas
1593 1487 1869 1521 transversas
1902 1510 1916 1532 3

295 1563 530 1619 parallelas
551 1593 561 1613 ‚
587 1567 724 1601 rectas
745 1593 756 1613 3
783 1562 1003 1615 subaequis
1026 1561 1281 1603 intervallis
1302 1591 1313 1610 ,
1337 1561 1518 1614 seriati3
1543 1559 1736 1600 maxillae
1757 1565 1882 1598 rectae
1903 1589 1914 1609 3

296 1641 507 1693 elongatae
526 1670 537 1691 3
559 1645 752 1692 angustae
770 1670 781 1691 3
802 1639 927 1694 apice
950 1640 1040 1679 solo
1059 1639 1234 1679 latiore.

355 1721 572 1758 ΕΡΕΙΒΑ.
611 1717 743 1757 Oculi
775 1717 1021 1757 secundum
1052 1717 1195 1757 lineas
1231 1716 1340 1756 duas
1369 1724 1675 1764 transversas,
1708 1714 1921 1771 approxi-

300 1804 442 1837 maias
466 1827 477 1847 3
502 1796 705 1853 apicibus
729 1803 1047 1850 convergentes
1066 1827 1081 1844 ,
1104 1794 1325 1848 ordinati3
1351 1801 1541 1848 quatuor
1571 1794 1709 1835 medii
1737 1792 1920 1846 quadra-

300 1883 398 1916 tum
423 1875 729 1927 delineantes3
767 1876 961 1915 maxillae
985 1876 1193 1915 subrectae
1216 1906 1227 1926 3
1252 1874 1348 1914 basi
1373 1880 1610 1928 angustatae
1634 1903 1645 1922 ,
1689 1880 1787 1912 tum
1813 1869 1922 1912 sub-

302 1953 557 1994 orbiculatae
574 1984 589 2002 ,
607 1954 681 1996 vel
698 1953 1066 2006 inverso-ovatae,
1092 1952 1300 1992 dilatatae.

302 2087 345 2114 2.
377 2073 508 2115 Oculi
540 2082 812 2132 segmentum
847 2074 1064 2116 circulare
1082 2107 1094 2128 3
1129 2081 1428 2115 transversum
1454 2085 1645 2126 arcuque
1669 2075 1922 2111 antrorsum

363 2168 488 2194 verso
502 2172 518 2203 ,-
541 2162 624 2195 aut
643 2162 853 2196 sectorem
877 2154 1254 2211 longitudinalem
1281 2153 1408 2207 apice
1430 2152 1583 2192 antico
1616 2157 1658 2190 et
1679 2154 1888 2189 truncato
1902 2164 1920 2196 ,-

361 2233 436 2273 vel
454 2235 725 2290 quadratum
748 2239 829 2274 aut
846 2232 1122 2288 parabolam
1145 2264 1155 2284 3
1193 2231 1484 2271 delineantes.

311 2353 363 2392 A.
404 2351 534 2392 Oculi
571 2351 618 2392 in
661 2356 932 2407 segmentum
964 2349 1122 2390 circuli
1164 2356 1496 2401 transversum,
1537 2362 1645 2387 arcu
1679 2351 1930 2387 antrorsum

371 2446 493 2484 verse
508 2462 522 2479 ,
545 2431 618 2472 vel
637 2431 683 2471 in
701 2437 909 2471 sectorem
927 2429 1305 2487 Zongz'tuclinalem
1327 2429 1455 2485 apice
1476 2429 1631 2469 antico
1657 2434 1699 2467 et
1722 2431 1930 2467 truncato

372 2511 575 2552 ordinati
591 2543 602 2563 3
628 2510 941 2568 magnitudine
961 2508 1260 2566 subcequaleS.

381 2631 668 2669 ULOBORUS.
701 2630 833 2669 Oculi
871 2629 918 2668 in
951 2637 1230 2684 segmentum
1265 2627 1424 2668 circuli
1469 2635 1770 2667 transversum
1804 2624 1931 2665 ordi-

316 2709 436 2761 nati3
462 2711 654 2750 maxillae
674 2717 826 2762 rectae,
852 2709 975 2762 latae,
998 2697 1416 2762 inverso-ti·igonzi÷3
1443 2707 1576 2763 pedes
1600 2704 1758 2761 primi,
1784 2703 1931 2758 quarti

319 2784 481 2825 deinde
502 2785 737 2839 longiore&

384 2869 669 2908 Tnomsvs.
691 2867 823 2908 Oculi
842 2867 890 2906 in
910 2873 1184 2920 segmentum
1204 2865 1363 2904 circuli
1382 2871 1686 2904 transversum
1711 2858 1907 2900 ordinati
1921 2890 1932 2911 3

323 2948 517 2988 maxillae
537 2961 715 2987 sursum
744 2954 1061 3002 convergentes
1082 2964 1092 2999 3
1119 2945 1253 3002 pedes
1277 2945 1416 3003 primi
1440 2952 1482 2985 et
1505 2942 1715 2990 secundi,
1735 2948 1811 2988 aut
1834 2939 1936 2983 vice

324 3042 453 3070 versa
474 3059 487 3082 ‚
509 3028 747 3084 longiores.
