2085 3652
319 213 445 280 242
684 208 994 275 Insecta.
1050 195 1539 266 Pterodicera.

311 343 465 397 saepius
493 341 763 385 retractum,
797 331 944 372 amice
970 330 1250 383 elongatum,
1282 333 1525 368 rostratum
1545 341 1556 377 ;
1580 325 1721 366 oculis
1744 323 1916 365 subim-

313 421 470 462 mersis
514 423 593 456 aut
628 414 708 455 vix
746 411 1019 467 prominulis
1039 441 1052 463 ‚
1096 408 1358 450 orbiculatis
1381 425 1393 460 ς
1441 406 1594 460 clypeo
1628 406 1918 459 emarginato.

319 499 498 541 Thorax
519 490 903 545 subcylindricus,
943 489 1087 529 antico
1120 487 1361 542 angustior.
1398 482 1640 526 scutellum
1662 482 1922 522 minutissi—

317 588 459 617 mum.
479 572 714 614 Abdomen
736 570 830 610 basi
851 576 1121 620 transversa,
1146 566 1336 608 thoracis
1358 564 1559 619 margine
1580 562 1746 617 postico
1763 562 1923 601 latiore

318 659 395 691 aut
422 649 493 690 illi
526 648 772 702 subaequali
796 678 807 699 ‚
836 647 992 700 elytris
1015 646 1172 700 rigidis
1195 657 1326 699 supra
1346 651 1389 684 et
1413 643 1466 683 ad
1488 642 1628 682 latera
1654 639 1924 696 plerumque

315 733 559 776 inclusum.
586 731 728 772 Pedes
758 729 932 771 robusti
960 747 970 781 3
1003 728 1219 768 tibiarum
1252 726 1452 781 apicibus
1481 737 1599 764 unco
1631 721 1811 768 valido,
1843 718 1923 758 in-

317 818 458 851 terno,

414 909 455 956 I.
497 907 921 957 CURCU1,10N1TES
948 904 1161 971 proprii.
1198 904 1583 951 Clzaransonites
1608 917 1835 965 propres.

391 1040 555 1103 Caput
586 1038 650 1084 ab
674 1037 830 1083 oculis
856 1035 980 1099 plus
1008 1036 1235 1082 minusve
1255 1041 1583 1098 angustatum
1598 1067 1615 1088 ,
1639 1033 1695 1076 in
1717 1039 1926 1077 rostrum

324 1128 555 1174 distincte
583 1125 889 1188 productum
912 1142 934 1182 ;
984 1122 1301 1170 mandibulas·
1340 1139 1522 1185 parvoe
1549 1129 1640 1166 aut
1669 1121 1894 1166 minimoe
1913 1154 1928 1177 ,

321 1214 503 1276 capitis
534 1210 906 1276 magnitudinis
937 1210 1119 1256 habita
1148 1211 1337 1256 ratione
1351 1226 1373 1266 ;
1404 1216 1623 1253 mentum
1646 1222 1742 1251 non
1765 1205 1931 1269 cylin-·

326 1297 747 1346 ulrico-cordatum
763 1316 785 1356 ;
816 1307 1048 1343 antennoe
1067 1311 1342 1359 numquam
1361 1293 1516 1340 simul
1533 1313 1549 1338 .·
1580 1301 1742 1349 rectoe,
1764 1292 1932 1338 oculos

317 1404 479 1451 prope
509 1388 709 1432 inserta>
720 1421 737 1442 ,
776 1385 961 1449 capitis
994 1383 1067 1430 ad
1089 1400 1338 1429 summum
1371 1380 1687 1446 longitudine
1710 1390 1757 1426 et
1785 1379 1933 1427 clava

326 1475 550 1520 maxima
574 1490 596 1529 ,·
633 1489 811 1536 corpus
846 1472 1104 1518 rarissime
1147 1469 1478 1535 cylindricum
1499 1487 1521 1527 ,·
1569 1467 1710 1515 tibiae
1750 1468 1934 1513 anticoe

327 1573 601 1620 numquam
634 1555 994 1619 triangulares.

722 1715 758 1742 1.
791 1704 1079 1743 Rncmcon
1096 1716 1209 1743 NEs.
1242 1703 1541 1744 Recticornes.

395 1824 646 1870 Antennae
678 1830 824 1870 rectae
855 1820 948 1887 (ad
984 1818 1263 1869 articulum
1301 1818 1584 1868 secundum
1620 1816 1761 1866 haud
1794 1817 1939 1884 geni-

332 1908 533 1969 culatae,
557 1906 768 1957 basilari
797 1926 906 1957 non
933 1906 1081 1957 valde
1103 1906 1385 1974 elongato).
1427 1908 1616 1971 Corpus
1649 1909 1870 1954 omnium
1907 1923 1941 1952 a

332 2001 550 2048 thoracis
592 1999 704 2046 basi
738 1998 812 2045 ad
838 2008 993 2062 caput
1029 1999 1330 2062 angustius,
1370 2014 1468 2043 non
1491 1996 1837 2061 cylindricum.

401 2122 642 2172 CCLXX.
678 2123 870 2172 GEnus.
908 2126 1203 2172 Bzzfflvws.
1241 2126 1435 2171 Brente.

404 2233 650 2288 Brentus,
696 2232 871 2288 FAB„
931 2230 1136 2288 Omra,
1176 2232 1452 2288 HERBST,
1502 2231 1727 2287 LUND.,
1785 2230 1944 2277 ΖΛΜ.

338 2346 404 2354 -
444 2318 713 2376 Curculio,
751 2320 966 2375 LINN„
1007 2335 1082 2367 DE
1123 2318 1294 2366 GEER.

400 2425 656 2473 Antennoe
681 2425 833 2473 rostri
856 2434 991 2473 recta
1029 2427 1246 2490 porrecti
1261 2460 1274 2484 ,
1307 2422 1806 2490 saepius-longissimi,
1826 2421 1951 2472 sub«

342 2509 542 2571 ter-etis,
593 2510 650 2557 in
687 2508 927 2559 masculis
965 2510 1207 2577 plurimis
1251 2510 1502 2578 longioris
1544 2522 1593 2559 et
1639 2511 1702 2558 ad
1752 2511 1951 2577 apicem

339 2592 565 2653 latioris,
601 2593 835 2643 medium
871 2611 1046 2643 versus
1079 2595 1302 2654 insertae,
1347 2594 1614 2643 filiformes
1645 2605 1732 2642 aut
1761 2594 1951 2643 sensim

340 2690 627 2729 extrorsum
671 2681 968 2744 crassiores,
1028 2680 1260 2730 articulis
1299 2680 1539 2731 undecim
1565 2718 1579 2742 ‚
1632 2684 1741 2729 illis
1782 2680 1954 2748 cylin-

343 2762 526 2824 dricis,
553 2765 635 2811 lzz‘s
672 2765 1032 2814 subobconicis
1076 2764 1158 2815 vel
1190 2765 1586 2832 semi-globosis.
1622 2766 1955 2814 Mandibuloe

344 2846 650 2914 plerumque
691 2850 1025 2915 prominulae‚
1072 2851 1127 2898 in
1168 2851 1409 2900 masculis
1447 2849 1959 2918 elongato-trigonae,

346 2935 510 3001 apice,
546 2935 602 2982 in
640 2934 911 2983 nonnullis
955 2934 1159 2996 saltem,
1201 2935 1509 2998 bidentat03
1556 2934 1710 2986 latere
1750 2937 1955 2988 interno

343 3019 494 3070 «lente
535 3038 639 3069 uno
673 3031 761 3068 aut
801 3019 959 3069 altero
1007 3021 1290 3083 instructo,
1333 3019 1416 3072 vel
1459 3022 1662 3072 inermi.
1707 3024 1956 3072 Maxilloe
