2085 3652
397 221 568 292 ΟΜΖ.
590 223 653 291 I.
677 222 854 290 Secti.
877 219 991 289 II.
1025 219 1523 291 Heteromem.
1617 226 1765 318 '139

153 371 373 421 rumque
393 366 579 420 aptera.
601 355 764 420 Caput
789 354 967 419 saepius
990 354 1195 402 thorace
1218 353 1482 420 angustius
1501 364 1550 402 et
1577 353 1673 420 ipsi
1699 354 1763 402 ad

153 440 329 490 oculos
360 459 518 507 usque
566 443 855 502 intrusum,
903 459 1008 489 non
1054 439 1336 489 cordatum.
1379 439 1667 489 Scutellum
1704 442 1761 488 in

154 530 335 578 multis
381 530 605 579 nullum.
657 529 836 595 Elytra
884 528 1118 594 plurium
1166 529 1451 577 coadunata
1500 540 1547 578 et
1586 528 1767 578 subtus

153 619 364 680 inflexa,
395 618 686 668 abdominis
714 616 871 665 latera
895 615 1227 664 involventia.
1249 616 1266 680 )

218 770 455 817 Mentum
494 785 770 835 magnum,
812 767 914 815 oris
949 785 1062 814 ma-

158 854 352 903 ximam
381 863 572 918 partem
597 870 873 917 occupans,
893 863 1063 902 trans-

156 957 379 990 versum.
404 939 628 989 Maxillae
647 940 814 989 antice
832 939 894 988 ad
914 940 1061 989 basin

157 1037 379 1091 angustae
413 1047 424 1088 3
482 1026 612 1074 rima
656 1025 773 1074 illas
823 1026 1064 1093 utrinque

158 1112 439 1178 recipiente
469 1112 668 1160 lineari.
704 1116 900 1162 Thorax
931 1134 1066 1180 soepe
1209 1131 1516 1173 FAMILIA
1547 1132 1714 1173 juxa,

159 1199 486 1246 orbiculatas.
543 1201 821 1248 Scatellmn
877 1205 1065 1266 soepius
1252 1212 1663 1252 PIMELIARIAE.

164 1286 379 1332 mallum.
414 1288 603 1350 Elylra
635 1288 931 1352 plerumque
959 1307 1068 1335 eon·
1304 1288 1602 1331 Pime‘ltatres.

162 1382 318 1429 nata,
351 1374 592 1420 lateribus
619 1375 793 1420 subtus
826 1377 1032 1440 inflexis
1049 1397 1069 1434 ;

163 1460 265 1505 αἶα)
310 1461 482 1506 nztlloe.
537 1461 803 1507 Abclomen
857 1463 1020 1509 latum
1049 1500 1066 1519 ,

160 1555 365 1592 ovatum
389 1583 405 1603 ,
452 1548 564 1593 basi
600 1558 879 1594 transverse
925 1558 1070 1597 trun—

161 1641 340 1677 catum.

228 1778 467 1827 Mentum
504 1798 719 1846 parvum
734 1821 747 1843 ‚
780 1801 886 1832 non
917 1782 1071 1832 latius

166 1881 319 1929 quam
345 1864 565 1932 longius.
599 1867 823 1917 Maxillae
846 1869 953 1917 basi
979 1887 1069 1916 an-

167 1949 266 1998 tica
288 1951 584 2012 incrassata,
613 1952 713 2001 lata
734 1976 744 2017 3
783 1953 915 2002 rima
956 1953 1071 2002 illas
1211 1958 1245 1998 F
1260 1958 1299 1997 A
1316 1956 1545 1997 MILIA
1583 1957 1626 1998 X
1641 1959 1720 2000 Xa.

169 2037 446 2103 recipiente
477 2040 610 2087 infra
636 2041 734 2089 late
761 2053 998 2090 excavata
1022 2053 1071 2090 et
1181 2037 1220 2076 T
1237 2049 1262 2076 Ε
1282 2051 1308 2076 N
1329 2050 1356 2076 Ε
1373 2050 1397 2075 B
1417 2049 1445 2075 R
1465 2049 1479 2076 1
1499 2050 1524 2076 0
1544 2050 1575 2076 N
1595 2050 1610 2076 1
1630 2051 1657 2077 Τ
1674 2050 1701 2078 E
1720 2051 1757 2081 S·

169 2123 565 2172 suborbiculata.
644 2126 862 2176 Labium
936 2127 1070 2176 ultra
1295 2116 1637 2158 Tffffsiffli‘es·

172 2221 404 2257 mentum
434 2222 742 2276 porrectum.

239 2316 431 2381 Corpus
452 2336 551 2366 non
570 2337 763 2384 semper
784 2331 1030 2384 apterum.

517 2484 899 2534 DIVISIO
968 2487 1429 2536 SECUNDA.

405 2622 921 2660 HERBICOLAE.
992 2623 1535 2663 HERBICOLES.

241 2744 486 2790 Maxillae
527 2760 694 2809 ungue
745 2761 929 2792 corneo
979 2755 1027 2792 et
1081 2745 1284 2793 interno
1330 2742 1491 2792 nullo.
1531 2743 1788 2792 Antennae

174 2829 281 2889 illis
312 2827 587 2894 perfoliatae
616 2841 702 2877 aut
736 2832 1023 2896 pectinant,
1057 2830 1137 2879 vel
1162 2843 1386 2894 serratae3
1423 2833 1503 2879 liis
1528 2830 1786 2896 simplices

177 2926 227 2962 et
273 2914 548 2965 insertione
596 2917 733 2966 nuda
778 2918 1024 2984 capitisve
1072 2920 1303 2985 margine
1342 2917 1539 2966 laterali
1577 2930 1624 2965 et
1663 2933 1787 2980 pro·-

180 2998 334 3046 ‹lucto
366 3017 469 3047 non
496 3013 810 3069 supertectae,
845 3001 1076 3053 articulis
1108 3001 1509 3070 subcylindricis
1538 3011 1626 3049 aut
1661 2998 1787 3048 sub-

188 3085 468 3134 obconicis.
