2085 3652
461 144 1359 213 PROOEMIUM.
1693 173 1734 215 v

118 277 461 360 CUVIER,
498 277 875 346 LAMARCK
908 297 1220 349 revocato
1262 279 1593 360 innixam,
1625 303 1736 346 ex-

116 416 373 485 ponere
409 394 538 460 hoc
573 395 742 461 mihi
773 395 1154 462 consilium.

208 519 558 585 Generum
593 520 1005 586 characteres
1039 519 1153 585 alii
1190 544 1348 586 cum
1375 517 1521 587 aliis
1551 543 1736 586 scru-

38 672 48 681 x
114 634 355 726 pulose
396 635 621 702 collati
667 651 846 701 sunt.
898 635 1197 702 Nomina
1226 636 1593 727 archetypa
1633 660 1737 701 re-

113 750 345 841 ligiose
421 750 676 819 servavi
705 804 725 833 ,
803 750 1061 817 nullius
1130 752 1423 816 auctoris
1499 749 1733 840 habita

112 864 392 929 ratione.
428 862 824 954 Specierum
853 862 1390 954 designationem
1419 860 1563 929 fuse
1594 881 1736 930 tra-

111 976 292 1060 didi,
312 1003 451 1045 non
473 978 662 1070 quod
689 979 859 1046 mihi
888 978 1180 1046 arrideat
1208 975 1732 1061 illaverbositaS,

110 1088 230 1157 sed
274 1092 463 1182 quod
525 1092 900 1183 diagnosim
945 1093 1376 1186 synopticam
1429 1091 1731 1181 requirat

107 1204 521 1274 insectorum
580 1211 843 1275 notitia.
897 1208 1199 1276 LINNAEI
1243 1207 1729 1297 FABRICIIque

107 1319 522 1390 characteres
594 1321 889 1417 specifici
951 1323 1162 1390 nimia
1220 1320 1553 1391 brevitate
1597 1347 1725 1390 sae-

107 1435 265 1525 pius
295 1437 533 1530 inopes
562 1457 679 1505 aut
706 1439 982 1530 litigiosi
1014 1439 1333 1508 evadunt.

200 1561 503 1631 Celebris
544 1563 853 1631 ILLIGER
880 1564 966 1631 ad
1006 1566 1252 1646 instar,
1288 1564 1518 1630 critice
1547 1586 1723 1653 prae-

104 1671 440 1758 cellentis,
490 1667 968 1767 synonymiam
1027 1676 1403 1745 emendavi.
1452 1674 1722 1743 Verita—

106 1804 245 1854 tem
282 1789 581 1881 denique
653 1792 980 1883 integram
1033 1792 1104 1858 in
1149 1792 1374 1859 lucem
1416 1790 1719 1882 proferre

101 1904 260 1970 totis
288 1904 547 1973 viribus
575 1924 855 1974 conatus
884 1933 1053 1974 sum.

192 2024 538 2096 Sectiones
566 2030 1017 2122 multiplicavi
1049 2049 1116 2097 et
1144 2029 1276 2097 illis
1304 2030 1580 2096 nomina
1607 2029 1717 2095 ad-

99 2137 266 2205 didi.
311 2141 747 2212 Divisionum
791 2147 963 2213 hanc
1004 2147 1274 2238 copiam
1323 2144 1537 2214 veluti
1583 2169 1715 2210 me-

94 2255 328 2321 moriae
383 2258 837 2348 ponderosam
891 2261 1170 2353 plurimi
1225 2256 1712 2352 repudiabunt.

94 2365 251 2434 Illas
270 2370 339 2434 in
369 2389 598 2437 mente
620 2370 820 2464 defigi
851 2374 1051 2459 nolo3
1087 2374 1374 2466 prosint,
1405 2374 1561 2438 satis
1591 2389 1708 2438 est.

185 2494 292 2562 De
335 2496 447 2562 illa
484 2523 638 2588 quae
670 2498 921 2567 adscivi
963 2525 1284 2590 generum
1321 2498 1518 2589 copia
1552 2496 1708 2564 brc-

91 2609 260 2678 viter
287 2612 656 2704 proloquar
668 2640 686 2699 3
717 2639 1159 2681 susurronum
1191 2631 1258 2681 et
1286 2613 1708 2680 Aristarcho-

89 2747 241 2788 rum
278 2726 529 2790 etenim
572 2727 689 2815 qui
726 2725 1276 2817 Entomologiam
1316 2727 1418 2795 vix
1462 2726 1708 2792 saluta-

88 2858 280 2917 vere,
328 2855 394 2903 et
448 2839 666 2905 nihilo
721 2841 984 2922 secius,
1039 2839 1514 2931 disquisitione
1571 2838 1704 2906 fere

86 2949 274 3018 nulla
308 2952 514 3038 inita,
560 2953 889 3025 doctrinae
942 2953 1545 3050 amplificat-ionem
1593 2957 1704 3022 in-
