2085 3652
1658 163 1741 230 ἑη

442 163 617 233 Orcl.
659 173 903 231 sextas
936 217 962 243 ,
1009 161 1433 253 Ceplzalota.

190 297 321 350 Apus
343 293 630 350 pisciformis.
663 296 894 335 SCHAEFF.
931 294 1116 349 Monog.
1164 292 1304 348 1754,
1333 292 1418 349 fig.
1461 304 1474 331 ι
1503 324 1514 344 ,
1545 305 1611 332 12.

187 378 373 417 Habitat
410 378 459 417 in
486 378 670 432 Europae
689 376 832 416 fossis.

184 475 576 513 ANNOTATIONES.
628 474 796 512 Cancer
834 470 1080 525 paludosus
1124 471 1341 519 Mulleri,
1379 469 1506 511 Zool.
1553 470 1739 518 dania,

119 567 230 610 pag.
273 567 355 601 10,
390 552 483 593 tab.
529 552 616 600 48,
644 551 730 606 fig.
770 564 784 589 1
809 581 822 597 ‚
846 549 885 589 8.
917 550 1095 604 Species
1121 551 1255 590 altera
1288 550 1496 602 videtur,
1539 551 1574 590 si
1608 550 1742 590 iconi-

131 631 214 670 bus
251 631 357 671 fides
386 632 555 684 integra
581 627 848 669 adhibenda.
880 628 1139 668 Tentaculis
1159 660 1169 679 ‚
1195 628 1333 668 cauda
1355 627 1502 668 differt
1523 648 1533 682 ;
1558 628 1668 669 forte
1693 643 1741 669 ac

128 710 300 749 Cancer
331 707 568 765 Stagnalis
602 707 795 748 Othonis
827 706 1052 753 Fabricii,
1101 708 1273 746 Cancer
1313 707 1498 747 Salinas
1533 708 1709 748 Linnaei
1729 740 1740 761 ‚

132 788 304 829 eadem.

189 866 629 904 Entomostracorum
647 864 771 902 locus
794 863 841 902 in
863 863 973 903 serie
1002 863 1196 909 naturali
1227 862 1341 902 mihi
1366 863 1510 903 adhuc
1540 866 1736 905 incertus

126 945 323 986 videtur.
340 943 599 984 Professoris
615 945 796 985 Cnvma
811 976 821 995 ‚
840 943 920 997 qui
938 943 992 982 ab
1011 943 1108 982 istis
1124 942 1396 982 animalibus
1412 945 1743 985 Crastaceorum

125 1024 310 1062 classem
337 1022 535 1074 orditur,
556 1022 786 1062 sententiae
808 1035 929 1061 nunc
945 1020 1071 1063 faveo
1091 1052 1101 1073 ,
1126 1021 1196 1060 his
1222 1021 1463 1061 momentis
1487 1022 1703 1063 abductus
1730 1040 1739 1064 ι

131 1103 364 1143 Gammari
381 1101 576 1158 profecto
604 1116 704 1141 cum
736 1102 984 1142 Crzcstacez's
1010 1101 1220 1141 extremis
1247 1100 1492 1157 reponendi
1511 1121 1520 1154 3
1539 1103 1742 1158 proxime

128 1180 378 1233 accedunt,
415 1180 603 1222 vinculo
648 1179 737 1220 fere
779 1179 1123 1231 indissolubili,
1169 1180 1329 1220 idoteoe
1355 1211 1367 1232 ‚
1404 1179 1536 1220 aselli
1566 1198 1581 1228 ,·
1619 1196 1742 1222 nunc

127 1261 322 1301 veniunt
340 1291 351 1311 ,
376 1259 502 1299 hiatu
542 1261 670 1300 nullo
717 1260 979 1316 interposito
1009 1292 1021 1313 ,
1068 1259 1194 1316 ligz'ae
1233 1260 1465 1314 caeterique
1507 1261 1734 1302 oniscides.

129 1338 466 1379 Armadillones
489 1341 754 1395 myriapoda
777 1348 937 1383 vocant
957 1359 968 1394 3
990 1347 1033 1380 at
1060 1340 1109 1380 in
1141 1341 1252 1396 ipsis
1272 1372 1283 1393 ‚
1307 1341 1500 1383 trackeoe
1524 1343 1737 1383 manifes-

128 1424 311 1471 tantur3
338 1419 604 1460 animalium
645 1419 773 1459 corde
816 1419 1133 1460 destitutorum
1170 1420 1275 1460 ordo
1313 1420 1501 1476 proinde
1534 1422 1740 1478 inceptus

129 1503 216 1548 est3
236 1499 572 1538 entomostracis
591 1498 712 1538 locus
730 1512 816 1538 non
837 1499 1032 1555 amplius
1049 1506 1272 1555 superest5
1291 1499 1609 1540 arachnia'ibus
1628 1516 1738 1556 pro-

127 1574 304 1615 fessoris
328 1576 571 1616 LAMARCK
591 1577 671 1616 ista
690 1584 837 1618 tamen
859 1577 1099 1618 admodum
1117 1579 1280 1618 affinia.
1302 1579 1346 1619 Si
1363 1580 1493 1619 modo
1510 1580 1736 1622 larvarum

129 1653 449 1708 ephemerarum
477 1655 746 1711 respirarent
769 1689 780 1709 ‚
818 1656 1056 1698 difficultas
1089 1665 1372 1701 evanesceret
1416 1678 1427 1712 ;
1459 1666 1568 1699 tunc
1613 1661 1733 1700 enim

128 1732 331 1772 ordinem
366 1733 638 1775 insectorum
675 1735 974 1791 peculiarem,
1016 1737 1280 1793 myriapoda
1318 1738 1603 1793 thysanouris
1630 1754 1736 1780 nec-—

127 1820 296 1853 tentem
337 1814 684 1868 constituerent3
706 1815 777 1856 his
820 1815 1103 1857 succederent
1141 1832 1289 1859 acera.
1332 1819 1482 1859 Litem
1518 1816 1733 1863 dirimant

127 1894 383 1935 anatomicae
414 1895 760 1939 observationes.
