2085 3652
298 209 387 278 56
681 210 993 276 Inseetcz.
1038 207 1519 282 Pterodicera.

350 346 532 384 Eamus
554 337 846 379 auriculatas.
862 340 1025 378 Iam.
1047 337 1242 394 Coleopt.
1269 339 1371 380 Bor.
1389 373 1401 394 ‚
1424 348 1528 383 tom.
1551 357 1569 384 1
1588 374 1604 393 ,
1629 358 1683 401 p.
1710 345 1809 387 351.

344 426 505 465 PANZ·
525 421 673 460 Faun.
698 420 859 459 Insect.
892 420 1036 460 Germ.
1059 449 1070 470 ‚
1093 418 1217 476 fasc.
1247 419 1337 469 58,
1358 420 1446 478 fig.
1476 420 1548 462 23.

347 501 462 540 Cum
496 496 781 552 praecedenti.

349 601 531 639 Parnus
562 598 848 638 acuminatus
888 595 1088 637 Fabricii
1122 597 1177 637 ab
1221 597 1367 638 amico
1405 598 1619 639 Anselmo
1655 599 1906 642 Desmareta

288 674 470 717 Parisiis
489 674 538 717 in
562 677 775 730 Sequanae
802 675 914 730 ripis
947 675 1221 716 observatus.

348 813 475 853 Sene.
503 823 542 850 2.
565 813 774 852 Dnrops
801 812 1119 852 DUMERILII.
1148 813 1330 866 Dryops
1355 811 1405 850 de
1425 810 1644 852 Dume'n'l.

342 911 399 952 D.
437 910 652 964 Elliptico
669 933 696 940 -
713 908 1076 961 subcylindricus
1102 939 1113 959 ‚
1151 921 1287 948 aureo
1304 931 1327 939 -
1344 908 1598 949 flavescenti
1614 933 1629 941 -
1648 909 1875 964 nigricans
1889 943 1901 963 ,

285 990 466 1046 punctis
484 989 691 1030 minimis
712 988 895 1028 elevatis
915 987 1245 1027 scabriusculus
1269 1005 1279 1040 3
1303 996 1605 1029 antennarum
1631 990 1756 1029 clava
1789 991 1902 1030 sub-

288 1072 533 1127 pectinata‚
556 1069 768 1109 dentibus
793 1067 935 1107 acutis
954 1084 965 1118 ;
986 1067 1143 1119 elytris
1165 1066 1298 1106 lineis
1316 1067 1489 1121 aliquot
1511 1069 1716 1121 elevatis,
1739 1070 1907 1110 subob-

289 1151 441 1191 soletis
461 1167 470 1201 3
491 1148 679 1202 pedibus
697 1146 938 1200 elongatiS,
960 1146 1122 1185 anticis
1141 1145 1304 1185 mediis
1324 1146 1604 1201 longioribus
1624 1165 1633 1199 3
1652 1149 1779 1189 tarsis
1804 1163 1906 1190 om·-

289 1219 442 1266 nibus'
459 1223 802 1265 rufescentibus.

346 1316 387 1355 A
421 1314 478 1358 D,
512 1312 753 1363 Dumeril‚
792 1311 973 1352 Parisiis
1005 1311 1241 1351 medicinae
1270 1311 1514 1366 professore
1537 1346 1548 1366 ,
1578 1316 1661 1368 qui
1690 1319 1908 1358 Entomo-

289 1395 459 1448 logiam
480 1393 545 1448 (1)
577 1399 621 1431 et
653 1391 899 1445 praesertim
931 1390 1296 1446 Iclztyologiam,
1328 1392 1489 1432 multis
1515 1394 1904 1437 observationibus

287 1475 588 1527 methodoque
604 1471 1117 1523 dichotomo-analytica
1134 1472 1390 1513 illustrabat
1409 1505 1421 1525 ‚
1449 1488 1506 1514 ex
1525 1475 1744 1531 Hispania
1757 1509 1769 1530 ‚
1798 1492 1902 1518 cum

289 1556 423 1598 rebus
451 1553 735 1597 naturalibus
760 1552 971 1608 plurimis
993 1583 1004 1604 ‚
1033 1553 1209 1592 allatus.

350 1779 411 1837 (1)
449 1778 506 1821 ιο.
527 1778 591 1819 De
610 1778 891 1818 Insectorum
909 1789 1042 1816 sensu
1066 1774 1300 1818 olfactorio
1318 1776 1577 1826 disserebat,
1596 1779 1781 1835 Magaz.
1809 1780 1904 1820 En-

294 1860 408 1918 cycl.
425 1893 439 1910 ,
470 1868 575 1901 tom.
596 1874 618 1900 2
635 1890 649 1906 ,
669 1873 719 1914 p.
749 1856 850 1898 455.

347 1947 409 1990 22⁰.
428 1947 666 1987 Crustacea
686 1951 731 1983 et
762 1943 934 1984 Insecta
952 1973 963 1994 ‚
995 1955 1100 1982 cum
1120 1942 1415 1983 celeberrimo
1442 1941 1685 1998 professore
1714 1945 1881 1986 Cuvier
1895 1977 1905 1996 ‚

291 2041 370 2083 per
386 2025 596 2077 familias,
616 2022 891 2064 nominatim
914 2029 1067 2061 tamen
1089 2022 1252 2071 solum,
1270 2020 1522 2062 ordinabat.
1539 2025 1712 2074 Lepons
1726 2023 1906 2064 d'Ana-

292 2116 397 2150 tom.
415 2120 608 2163 compar.
628 2136 639 2156 ‚
662 2112 766 2145 tom.
792 2116 828 2143 1.

349 2196 415 2238 30.
443 2199 723 2239 Insectorum
754 2193 1018 2236 methodum
1053 2194 1108 2234 ab
1138 2193 1315 2234 Olivier
1356 2192 1626 2248 propositam
1652 2224 1663 2245 ,
1696 2194 1904 2235 observa-

291 2276 493 2318 tionibus
530 2273 697 2314 nostris
733 2271 1044 2312 elucubratam
1063 2303 1075 2324 ‚
1108 2271 1162 2310 ad
1194 2270 1414 2322 analysim
1438 2270 1742 2312 dichotomam
1768 2287 1904 2313 revo-

291 2356 439 2407 cahat,
458 2361 502 2394 et
521 2351 853 2394 scaraboeidum
871 2382 884 2404 ‚
905 2351 1177 2407 dipterorum
1197 2362 1357 2404 genera
1379 2349 1691 2390 distribuebat.
1713 2350 1905 2405 Exposi-

288 2436 389 2477 tion
434 2433 565 2476 d'une
600 2432 801 2474 methode
837 2429 1059 2473 naturelle
1090 2445 1211 2487 pour
1230 2428 1279 2470 la
1301 2428 1630 2485 classfication
1666 2435 1709 2468 et
1742 2426 1905 2468 Fetude

294 2517 368 2557 des
400 2519 595 2557 Insectes
625 2531 642 2565 ,·
660 2512 958 2570 —pre'sentee
987 2510 1017 2553 ὰ
1047 2510 1095 2553 la
1123 2512 1220 2552 Soc.
1250 2508 1494 2568 philomat.
1516 2540 1527 2561 ‚
1563 2508 1601 2549 le
1629 2509 1652 2549 5
1684 2507 1904 2549 brumaire

294 2613 352 2639 an
382 2611 423 2652 9.

353 2685 412 2727 4⁰.
433 2686 755 2740 Entomologiae
776 2682 1042 2726 methodum
1060 2683 1313 2738 generalem
1335 2680 1353 2738 (
1373 2681 1422 2721 in
1454 2691 1584 2734 opere
1610 2677 1686 2718 cui
1711 2677 1872 2719 titulus
1892 2709 1903 2730 ‚

294 2766 513 2823 Zoologie
534 2766 828 2822 anagytique,
854 2765 1018 2813 Paris,
1051 2763 1161 2805 1806
1181 2763 1196 2817 )
1220 2761 1366 2802 dabat.
1389 2760 1518 2801 Illius
1537 2758 1813 2798 insectorum
1832 2757 1903 2797 fa-

292 2847 432 2889 miliae
452 2846 507 2886 ab
530 2846 600 2886 his
623 2859 734 2899 quas
755 2844 929 2898 primus
955 2857 1246 2898 exposueram
1270 2843 1294 2895 (
1303 2840 1433 2883 Pre'c.
1455 2840 1530 2881 des
1553 2841 1730 2879 caract.
1752 2837 1903 2895 gener.

290 2927 365 2967 des
399 2928 589 2976 Insect„
611 2940 671 2966 an
694 2925 764 2976 5),
795 2923 950 2978 saepius
971 2922 1210 2963 diversiter
1249 2920 1469 2971 formatae,
1494 2917 1828 2960 characteribus
1849 2931 1905 2958 ex

288 3005 450 3048 habitu
472 3005 783 3047 tautummodo
811 3004 1088 3058 depromptis
1108 3035 1120 3056 ‚
1148 3010 1202 3043 ut
1233 3000 1522 3043 facilioribus
1538 3032 1550 3052 ,
1572 2999 1590 3057 (
1609 3007 1655 3040 at
1681 3013 1777 3040 non
1805 3011 1906 3039 cer-

288 3084 515 3143 tioribus)
547 3084 745 3128 fundatae
763 3116 775 3138 ‚
807 3083 992 3128 nomine
1027 3081 1203 3140 duplici
1229 3114 1240 3135 ‚
1285 3081 1374 3123 alio
1403 3081 1546 3122 latino
1570 3111 1583 3135 ‚
1620 3079 1710 3119 alio
1743 3090 1907 3133 graeco,

1612 3163 1897 3216 CLXXVI.
