2085 3652
295 159 471 228 Orcl.
498 159 566 227 I.
596 157 1244 248 AS'aproplzczgoram
1271 157 1640 227 Famc'lice.
1684 160 1809 248 257

508 328 1002 378 FAMILIA
1071 328 1525 390 QUINTA.

311 477 890 516 MALACODERMI.
959 476 1708 518 MALACODERMES.

282 621 534 668 Antenuae
585 619 852 668 filisormes
887 630 972 666 aut
1015 630 1214 667 setaceae
1237 658 1250 680 ‚
1301 619 1477 686 saepius
1515 620 1778 687 pectinatae
1803 660 1818 684 ,

217 719 475 756 serrataeve
527 717 613 752 aut
661 703 893 753 articulis
927 702 1230 770 cylindricis
1260 743 1272 763 ‚
1308 705 1390 753 vel
1426 707 1629 755 conicis.
1657 706 1822 771 Caput

216 795 485 859 saepissime
519 793 766 840 inflexum
794 802 881 839 aut
910 802 1099 839 nutans
1117 829 1128 849 ,
1160 791 1359 841 thoraci
1384 792 1445 839 ad
1467 792 1642 841 oculos
1663 810 1825 860 usque

216 881 476 927 intrusum
511 889 597 923 aut
626 878 688 924 ab
718 875 811 924 illo
845 888 1094 942 opertum.
1141 877 1349 925 Thorax
1381 877 1543 942 magis
1585 879 1823 927 minusve

219 965 403 1031 planus
426 1003 442 1023 ,
474 962 866 1013 semicircularis
894 975 980 1011 aut
1009 964 1394 1030 subquadratus.
1423 965 1619 1032 Corpus
1649 966 1829 1031 saepius

218 1051 410 1112 molle(
435 1051 630 1100 labium
654 1090 666 1112 ‚
695 1068 875 1118 genere
897 1070 1048 1115 capes
1085 1049 1191 1101 solo
1223 1062 1432 1118 excepto
1455 1090 1469 1112 ,
1501 1050 1701 1100 nudum
1739 1062 1828 1099 aut

218 1153 391 1190 mento
441 1141 741 1189 brevissimo
776 1179 789 1202 ,
858 1140 1055 1202 molli3
1112 1139 1332 1188 maxilla}
1383 1139 1780 1189 membranaceae
1809 1176 1828 1198 ,

222 1227 440 1288 molles;
493 1226 629 1293 palpi
671 1225 963 1276 maxillares
1020 1227 1198 1292 saepius
1248 1228 1465 1291 majores
1498 1266 1511 1290 ,
1556 1228 1738 1276 exserti
1783 1237 1832 1275 et

222 1325 506 1362 extrorsum
537 1313 803 1362 crassiores
837 1324 924 1361 aut
952 1313 1357 1377 sulisiliformes.)

229 1527 316 1567 duo
349 1528 429 1568 vel
462 1528 543 1566 tria
592 1534 815 1581 segmenta
851 1534 1052 1578 secatur,
1083 1533 1241 1583 pectus
1269 1527 1467 1567 anticam
1499 1533 1575 1566 aut
1599 1526 1794 1580 primum
1820 1558 1831 1576 ,

229 1614 422 1647 sternam
449 1607 647 1646 anticum
665 1607 738 1648 vel
748 1607 940 1661 primum
957 1624 969 1660 3
989 1614 1146 1662 pectus
1175 1606 1362 1647 medium
1383 1606 1698 1652 sectandumve,
1719 1613 1836 1644 ster-

232 1700 337 1726 nam
357 1686 542 1726 medium
564 1686 638 1726 vel
672 1686 910 1726 secundum
929 1704 944 1735 ,·
961 1693 1120 1742 pectus
1137 1687 1357 1742 posticum
1383 1692 1460 1726 aut
1485 1685 1664 1726 tertium
1689 1712 1700 1730 ‚
1728 1692 1838 1724 ster-

236 1778 340 1803 num
350 1763 573 1818 posticum
588 1763 663 1805 vel
679 1764 856 1804 tertium
868 1795 881 1812 ,
901 1763 955 1803 de
972 1765 1163 1819 pectoris
1179 1762 1382 1820 partibus
1396 1763 1531 1819 pedes
1542 1763 1710 1803 anticos
1722 1794 1734 1815 ,
1748 1776 1844 1802 me·-

238 1842 334 1883 dios
354 1873 365 1887 ,
398 1843 588 1898 posticos
612 1842 804 1896 gerentis
823 1875 835 1895 ‚
865 1850 1110 1897 tit-cumque
1138 1845 1311 1898 loquar.

299 1922 458 1962 Sedulo
474 1922 717 1963 notandum
737 1922 1010 1963 familiarum
1025 1923 1225 1980 plurium
1243 1924 1513 1963 characteres
1528 1921 1675 1972 tarsis,
1694 1927 1846 1960 anten-

197 2009 209 2019 ·
242 2002 312 2041 nis
330 2002 731 2056 instrumentisque
749 2003 929 2043 cibariis
946 2004 1090 2042 solum
1109 2003 1301 2058 exprimi
1320 2016 1410 2042 non
1432 2014 1571 2058 posse.
1600 1999 1701 2040 Oris
1722 2000 1846 2040 enim

247 2088 463 2121 structura
489 2096 567 2136 pro
585 2083 818 2135 generibus
838 2089 1068 2129 mutatur,
1095 2089 1145 2121 ut
1178 2081 1397 2136 exemplis
1413 2080 1623 2136 plurimis
1645 2085 1815 2120 constat
1838 2097 1850 2131 3

247 2160 440 2200 familias
457 2161 667 2214 quasdam
685 2162 879 2217 profecto
897 2164 1119 2202 naturales
1134 2194 1144 2214 ,
1163 2160 1475 2217 Staphylinios
1487 2193 1496 2210 ‚
1512 2159 1823 2200 Scaraboeides
1839 2190 1850 2207 ‚

252 2241 591 2295 Cerambycinos
609 2273 623 2290 ,
657 2249 740 2283 etr.
760 2275 771 2294 ‚
801 2243 1033 2285 observare
1055 2243 1181 2284 velis.
1203 2242 1474 2283 Mandibnlae
1492 2242 1539 2280 in
1561 2239 1767 2281 secundis
1785 2238 1854 2278 his

250 2337 415 2362 corneae
434 2353 445 2368 ,
485 2328 529 2361 et
547 2322 676 2362 modo
698 2330 877 2363 exsertae
898 2331 942 2364 et
966 2324 1094 2364 modo
1119 2324 1297 2379 sepultae
1322 2342 1332 2375 3
1359 2321 1454 2361 illis
1484 2321 1827 2360 membranaceae
1847 2351 1857 2371 ‚

251 2403 340 2443 fere
363 2403 495 2442 nullae
514 2421 524 2454 3
555 2402 746 2442 maxillae
766 2403 934 2458 pariter
957 2403 1056 2443 aliis
1080 2402 1325 2442 substantia
1350 2400 1589 2441 durissima
1606 2431 1616 2450 ,
1635 2399 1822 2438 dentatae
1844 2429 1855 2449 ‚

256 2480 356 2522 aliis
371 2481 530 2521 molles
547 2512 559 2528 ‚
577 2481 690 2521 lobis
705 2479 838 2521 forma
859 2481 1048 2523 diversis
1063 2480 1333 2520 desinentes.
1352 2478 1474 2533 Palpi
1500 2490 1678 2531 quoque
1697 2508 1707 2528 ,
1733 2482 1783 2514 ut
1811 2475 1858 2514 in

260 2560 565 2616 Staphyliniis
583 2592 595 2613 ,
626 2561 741 2602 varii
765 2580 775 2613 3
805 2561 876 2600 hic
904 2559 1131 2601 filisormes
1151 2591 1163 2611 ‚
1189 2560 1283 2599 illic
1307 2559 1482 2599 diverse
1506 2556 1683 2596 clavati.
1709 2554 1861 2594 Fami-

259 2639 421 2681 liarum
441 2640 709 2679 characteres
726 2640 861 2694 igitur
881 2654 904 2679 e
920 2638 1114 2695 corporis
1133 2637 1269 2677 totius
1286 2636 1488 2692 partibus
1505 2632 1738 2691 pra‘cipuis
1761 2645 1862 2670 mu—

258 2720 418 2760 tuandi
440 2747 451 2766 ‚
473 2734 566 2760 non
589 2735 641 2760 ex
660 2719 763 2760 solis
787 2718 1101 2759 instrumentis
1127 2717 1320 2756 cibariis.
1353 2715 1404 2754 In
1433 2712 1640 2754 methodo
1670 2709 1864 2750 naturali

259 2799 501 2841 ordinanda
519 2799 707 2857 proinde
730 2799 896 2840 auxilia
913 2804 1092 2839 tantum
1108 2795 1361 2853 suppeditat
1381 2800 1572 2847 systema
1594 2789 1805 2832 Fabricii.
