2085 3652
504 178 585 262 A
627 173 715 260 N
757 174 795 258 I
842 174 947 257 M
989 173 1068 256 A
1105 171 1180 255 L
1221 171 1262 254 Ι
1305 174 1385 254 A

137 356 750 427 VERTEBRIS
801 354 1237 432 NULms,
1291 350 1749 417 PEDATA.

300 624 966 686 CLASSIS
1079 620 1598 681 PRIMA.

460 771 761 839 (Octava
802 769 1030 827 tabulae
1064 770 1439 846 generalis).

379 915 892 971 CRUsTAcEA.
961 912 1518 971 CRUSTAchs

468 1059 834 1134 Crustacea,
865 1059 1081 1118 Cuvier
1095 1104 1111 1134 ,
1144 1059 1443 1117 Lamarck.

147 1320 563 1416 CHARACTER
591 1371 975 1411 ANATOMICUS.
1001 1352 1240 1411 Animal
1267 1350 1543 1410 vertebris
1570 1350 1772 1423 nulliS‚

147 1459 344 1516 nervis
361 1503 377 1532 ,
401 1457 573 1515 corde
598 1502 614 1532 ‚
655 1458 945 1516 branchiis
969 1502 985 1531 ,
1008 1456 1273 1514 medulla
1295 1455 1503 1535 spinali
1528 1452 1772 1533 gangliis

147 1557 423 1637 plurimis
453 1601 472 1626 ,
514 1557 799 1615 musculis
840 1578 944 1635 pro
982 1557 1201 1637 pedum
1244 1569 1430 1613 motu.

230 1659 598 1716 CHARACTER
628 1679 958 1718 NATURALIS
989 1679 1312 1718 EXTERIOR.
1347 1660 1582 1736 Corpus
1607 1654 1776 1735 pedi-

150 1763 260 1819 bus
289 1762 798 1822 articulationibus
818 1762 1092 1838 nudis(1)
1113 1809 1127 1837 ‚
1149 1777 1454 1842 apterum3
1480 1757 1776 1818 branchiis

155 1866 229 1923 ad
269 1866 519 1926 thoracis
552 1868 761 1943 latera,
805 1867 969 1926 illius
1007 1881 1348 1946 tegumento
1382 1864 1595 1946 opertis
1622 1909 1638 1938 ,
1680 1863 1777 1920 vel

152 1969 385 2047 corpori
419 1967 570 2027 infra
614 1984 848 2028 externe
883 1970 1123 2027 annexis
1155 1970 1258 2044 (2).
1284 1999 1357 2014 «-
1387 1968 1556 2042 Illis(
1581 1969 1781 2026 Ento-

152 2083 467 2130 mostrcwa
503 2074 525 2147 )
566 2083 976 2150 tegumentum
1024 2093 1305 2131 corneum
1341 2118 1357 2147 ,
1415 2070 1783 2128 membrana-

156 2195 366 2249 ceum,
394 2176 727 2254 clypeatum
771 2189 871 2234 aut
918 2176 1153 2234 bivalve
1193 2175 1417 2255 saepius.
1468 2172 1783 2232 Antennae

155 2278 358 2356 paucis
389 2277 603 2352 nullae,
631 2292 730 2335 aut
757 2279 859 2336 vix
890 2278 1344 2357 distinguendae,
1376 2277 1504 2334 aliis
1535 2275 1786 2355 penicil-

155 2377 455 2454 liformeS‚
483 2401 758 2454 ramosae,
787 2381 1021 2439 brachia
1055 2381 1385 2440 referentes.
1422 2381 1602 2437 Oculi
1638 2379 1784 2453 duo,

160 2481 340 2538 modo
361 2481 652 2556 distincti,
676 2482 856 2539 modo
882 2485 939 2540 in
972 2506 1158 2540 unum
1183 2483 1378 2540 coaliti
1401 2528 1416 2557 ‚
1445 2496 1784 2560 tegumento

161 2584 419 2662 corporis
455 2605 664 2661 supero
703 2599 758 2641 et
794 2585 987 2642 antico
1026 2586 1326 2660 immersi,
1365 2584 1651 2642 rarissime
1685 2604 1786 2663 pe·

228 2810 300 2876 (1)
344 2811 702 2861 Articulorum
754 2815 975 2863 nexibus
1020 2815 1245 2864 externis
1271 2852 1283 2876 ,
1313 2831 1410 2864 nec
1450 2813 1791 2880 productione

164 2888 328 2948 cutis,
365 2906 420 2936 ac
450 2889 506 2936 in
537 2891 936 2952 mammafflms,
964 2892 1168 2953 avibus,
1200 2892 1361 2941 tectis.

231 2994 304 3060 (2)
338 2996 572 3047 Tracheae
605 3016 726 3066 ergo
761 3009 811 3049 et
850 2999 1117 3067 stigmata,
1137 2998 1214 3048 vel
1240 2999 1438 3048 oriticia
1463 2997 1675 3046 illarum
1705 3013 1793 3046 ex-

169 3081 314 3120 'terna
333 3108 347 3133 ‚
373 3072 537 3123 nulla.
