2085 3652
287 199 418 269 236
648 196 959 263 Iusecta.
1010 187 1500 257 Pterodicera.

277 329 603 399 prominulis.
640 329 883 374 Sternum
909 323 1139 372 anticum
1170 323 1238 389 (1)
1264 310 1455 389 post-ice
1482 333 1838 372 mucronatum
1863 342 1872 369 τ

280 417 540 467 mucronis
582 413 723 477 apice
773 412 828 459 in
874 410 1090 460 cavitate
1144 411 1301 459 sterni
1351 409 1507 458 medii
1558 408 1875 475 excipiendm

280 505 476 566 Corpus
508 500 685 564 saepius
723 497 1013 564 ellipticum
1054 535 1066 557 ,
1120 498 1422 546 conicumve
1454 507 1540 544 aut
1576 495 1838 562 trigonum
1861 534 1876 557 ,

279 588 502 636 thoracis
534 583 734 652 angulis
768 585 978 651 posticis
1010 585 1065 633 in
1096 584 1296 650 spinam
1324 582 1602 649 productis.

332 841 396 888 (1)
429 836 563 878 Modo
580 836 774 877 thoracis
795 843 966 892 partem
990 850 1179 892 pronam
1199 868 1210 889 ‚
1236 836 1352 877 inter
1372 835 1504 891 pedes
1525 837 1694 875 anticos
1720 835 1849 876 sitam
1864 867 1877 887 ,

281 916 414 958 modo
439 916 642 956 infimam
665 915 917 971 spatiumve
937 915 1156 970 pectorale
1191 915 1263 954 cui
1295 913 1428 970 pedes
1449 921 1638 967 quatuor
1665 914 1742 954 alii
1767 914 1878 954 inse-

281 1000 475 1045 runtur,
506 1007 586 1049 pro
630 998 776 1032 sterno
812 992 1065 1032 habuerunt
1089 991 1385 1045 Entomologi.
1415 991 1629 1032 Thoracis
1669 991 1879 1033 truncive

281 1070 432 1126 potius
460 1100 473 1118 ,
523 1069 765 1111 formarum
812 1067 1115 1110 diversitatem
1163 1067 1470 1123 inspiciamus.
1513 1068 1566 1106 In
1615 1066 1883 1122 Coleopterz's

280 1147 440 1188 thorax
471 1161 494 1187 e
530 1147 733 1201 partibus
770 1145 942 1184 duabus
965 1172 976 1191 ,
1010 1146 1249 1187 intervallo
1275 1145 1545 1185 distantibus
1564 1177 1575 1198 ,
1598 1145 1883 1198 efl'ormatur3

282 1223 405 1279 prior
427 1229 502 1262 aut
532 1223 680 1262 antica
706 1235 860 1276 magna
880 1253 892 1274 ‚
915 1221 1076 1261 thorax
1096 1229 1379 1277 nuncupata,
1394 1221 1560 1277 pedum
1582 1236 1663 1278 par
1684 1222 1883 1263 anterius

284 1317 436 1358 gerens
456 1322 467 1356 5
488 1303 704 1358 posterior
720 1317 821 1342 cum
838 1302 1091 1343 abdominis
1109 1302 1205 1342 basi
1225 1303 1352 1342 unita
1364 1334 1376 1354 ,
1393 1303 1548 1356 elytris
1569 1311 1612 1344 et
1631 1304 1713 1344 alis
1730 1318 1885 1360 super-

284 1389 424 1434 tecta;
457 1397 511 1423 ex
547 1382 625 1422 illa
647 1381 870 1437 prodeunt
893 1381 1026 1437 pedes
1050 1389 1241 1436 quatuor
1262 1381 1436 1438 postici.
1458 1382 1668 1436 Pleraque
1703 1382 1887 1436 Orthop-

288 1466 386 1500 tera
404 1490 416 1511 ,
436 1460 700 1513 Iiemiptera
715 1459 915 1513 quaedam
928 1490 942 1507 ,
964 1459 1163 1499 eamdem
1184 1459 1272 1499 fere
1290 1466 1555 1500 structuram
1575 1460 1772 1514 praebent
1789 1478 1800 1512 3
1815 1459 1886 1499 his

288 1545 438 1579 tamen
456 1546 602 1595 partes
624 1539 710 1579 illae
740 1538 875 1592 magis
906 1538 1145 1592 contiguae3
1177 1539 1383 1594 pluribus
1411 1539 1704 1593 Hemipteris,
1731 1539 1888 1586 (Cica-

293 1615 1028 1670 dis,Psyllis,Aphidibus)thorax
1045 1615 1213 1662 nudus,
1229 1616 1520 1667 solutus‚sive
1536 1630 1637 1655 cum
1656 1615 1894 1655 abdomine

292 1694 459 1750 postice
488 1694 609 1735 haud
637 1694 848 1745 coalitus,
878 1709 901 1734 e
931 1695 1232 1748 segmentibus
1264 1695 1435 1735 duobus
1457 1702 1572 1735 arcte
1602 1695 1852 1749 conjunctis
1876 1723 1888 1743 ‚

292 1773 464 1829 postico
488 1776 649 1827 majore
668 1805 679 1825 ‚
705 1781 924 1814 constans.
946 1773 1323 1827 Myrmeleonibus
1341 1782 1562 1828 segmenta
1579 1775 1662 1813 tria
1678 1807 1690 1825 ‚
1719 1773 1893 1827 singula

295 1849 501 1905 bipedata
523 1851 781 1906 posticaque
797 1850 887 1890 duo
910 1850 1073 1890 bialata
1099 1869 1110 1903 ;
1150 1851 1490 1904 Hymenopteris
1507 1881 1518 1901 ‚
1546 1851 1780 1906 perpaucis
1799 1853 1894 1890 He-

294 1927 492 1982 mipteris
508 1958 523 1975 ,
563 1927 649 1966 duo
681 1933 857 1966 tantum
877 1945 887 1978 3
912 1927 1114 1982 Dipteris
1138 1927 1295 1983 saepius
1335 1927 1549 1979 unicum,
1580 1924 1860 1982 hexapodum
1881 1946 1893 1980 5

296 2004 383 2044 tria
404 2003 633 2058 LepismiS.
655 2002 788 2043 Vocis
806 2003 940 2051 hujus
954 2003 1115 2044 thorax
1129 2002 1326 2058 acceptio
1350 2003 1483 2056 igitur
1501 2002 1806 2056 restringenda
1823 2011 1899 2042 aut

300 2079 563 2136 explicanda
583 2080 736 2119 saltem
751 2110 763 2131 ,
786 2086 829 2118 et
852 2078 905 2118 ad
926 2079 1041 2118 hanc
1059 2079 1179 2119 diem
1204 2079 1342 2118 nimis
1358 2078 1603 2118 arbitraria.
1621 2077 1762 2129 Mihi,
1780 2093 1900 2119 nunc

302 2166 524 2212 quantum
556 2158 661 2200 licet
687 2190 698 2210 ‚
726 2158 925 2207 Linnaei,
953 2158 1176 2206 Geoffroi,
1199 2157 1420 2208 Fabricii,
1457 2158 1632 2199 Olivier
1657 2190 1669 2210 ‚
1698 2159 1902 2214 opinioni

301 2239 506 2295 practicae
544 2238 873 2278 accomodatum
914 2253 985 2279 me
1024 2238 1239 2294 praebeam
1264 2269 1275 2290 ‚
1298 2237 1455 2277 thorax
1483 2238 1568 2278 erit
1593 2239 1739 2278 trunci
1762 2235 1778 2295 (
1800 2253 1903 2294 par-

298 2321 416 2361 tisve
449 2320 503 2359 ab
521 2319 759 2359 abdomine
780 2319 1063 2371 distinctae),
1103 2334 1126 2359 e
1158 2318 1396 2372 segmentis
1427 2318 1571 2358 tribus
1596 2318 1650 2358 ad
1674 2333 1902 2360 summum

303 2398 562 2453 compositi,
591 2397 724 2453 pedes
746 2404 788 2437 et
808 2398 896 2437 alas
912 2398 1125 2451 gerentis,
1142 2399 1290 2454 portio
1306 2397 1441 2438 nuda.
1459 2399 1613 2450 Itaque
1633 2412 1732 2438 cum
1753 2405 1904 2438 aucto-

308 2477 431 2517 ribus
459 2477 696 2532 praecitatis
719 2508 731 2529 ‚
758 2476 981 2518 thoracem
1001 2478 1165 2519 vocabo
1184 2508 1198 2525 ,
1227 2478 1274 2517 in
1306 2476 1572 2532 Coleopteris
1592 2502 1605 2524 ‚
1627 2477 1775 2516 trunci
1797 2490 1904 2531 par-

304 2563 396 2596 tem
419 2571 474 2596 ex
490 2570 575 2609 qua
597 2564 785 2597 nascunt
803 2556 936 2612 pedes
951 2557 1039 2597 duo
1059 2558 1215 2610 antici3
1235 2558 1281 2597 in
1302 2557 1590 2612 Hemipteris,
1605 2557 1912 2611 Nevropteris,

306 2634 651 2689 Hymenopteris
668 2665 679 2685 ‚
697 2635 1005 2690 Lepidopteris
1018 2665 1030 2686 ‚
1057 2636 1258 2691 Dipteris
1277 2642 1486 2676 truncum
1511 2640 1654 2674 totum
1669 2665 1679 2684 ‚
1697 2648 1720 2673 e
1734 2633 1907 2674 duobus

306 2711 510 2754 tribusve
528 2716 764 2768 segmentis
780 2723 1052 2756 constantem
1066 2717 1222 2772 ‚pedes
1239 2730 1391 2757 omnes
1404 2723 1446 2756 et
1463 2715 1552 2755 alas
1567 2715 1710 2755 ferens
1721 2745 1732 2766 ,
1747 2727 1848 2753 cum
1862 2714 1912 2754 in

305 2789 400 2830 illis
414 2792 489 2833 vel
500 2792 690 2833 thoracis
705 2795 989 2850 portiuncula
1011 2797 1084 2837 vel
1105 2797 1261 2836 thorax
1281 2803 1399 2836 totus
1415 2794 1562 2834 nudus
1581 2794 1638 2833 sit
1656 2801 1700 2834 et
1722 2795 1910 2846 solutus,

307 2874 385 2906 aut
404 2868 458 2907 ab
484 2868 721 2908 abdomine
743 2871 911 2925 postice
935 2870 1188 2911 distinctus.
1207 2871 1491 2925 Mihipectus
1514 2870 1664 2910 trunci
1690 2870 1808 2925 regio
1838 2871 1912 2910 in—

305 2945 398 2987 sera
418 2948 492 2987 cui
525 2948 783 2989 inseruntur
803 2950 935 3006 pedes
952 2968 962 3002 ;
988 2957 1182 2992 sternam
1197 2981 1210 2997 ,
1234 2951 1434 2991 medium
1455 2952 1549 3006 ejus
1568 2951 1912 3005 longitudinale,

308 3024 557 3080 pectorisve
579 3038 681 3083 pars
704 3025 823 3069 inter
843 3026 978 3084 pedes
998 3027 1100 3081 sita„
1125 3026 1299 3069 Exinde
1330 3026 1464 3068 etiam
1479 3057 1495 3077 ,
1537 3041 1640 3068 cum
1671 3027 1832 3069 thorax
1860 3027 1912 3068 iu
