2085 3652
194 221 453 292 Ocm.I.
483 224 577 291 F.
599 222 974 304 XXIX,
1015 220 1562 290 Curculionites.
1620 224 1750 311 275
1812 241 1814 243 ·

133 359 372 399 latioribus
393 392 406 408 ‚
443 360 674 400 subtiliter
720 358 976 413 rugosulis,
1016 358 1266 399 secundum
1301 358 1548 399 maximam
1580 367 1753 413 partem

134 438 328 479 obsolete
352 439 785 493 striato—punctatis,
814 439 977 492 poslice
1005 438 1058 477 ad
1095 445 1300 478 suturam
1333 438 1526 478 obsolele
1560 439 1723 479 retusis
1742 470 1753 490 ,

136 515 444 555 abundantius
474 516 674 567 villosis3
711 515 807 555 basi
838 516 1044 555 subrecta
1079 522 1157 554 aut
1191 515 1407 555 latissime
1433 522 1636 566 arcuata,
1662 530 1755 556 non

136 594 608 647 prominulo-crenaia
629 613 639 645 3
664 594 789 633 tibiis
823 593 1034 632 omnibus
1055 592 1266 632 dentibus
1289 593 1433 633 tribus
1463 602 1540 634 aut
1559 601 1754 647 quatuor

137 675 361 725 externis,
397 673 712 713 validioribus.

195 753 402 809 Scolytus
427 753 693 810 ligniperda.
724 754 873 793 Omr.
900 754 1079 794 Entom.
1103 784 1114 805 5
1155 760 1260 793 tom.
1284 754 1310 794 4
1332 781 1343 800 ,
1380 753 1444 794 72⁰.
1474 753 1528 804 78
1550 785 1563 803 ,
1595 753 1666 810 pl.
1698 769 1715 795 1
1740 787 1753 803 ,

124 833 212 890 fig.
250 849 290 889 9.
325 850 369 875 a.
406 833 448 874 b.

195 912 375 967 Scolyte
395 912 653 969 ligniperde.
673 915 831 952 LATR.
858 911 981 951 Hist.
1006 918 1103 952 nat.
1128 912 1202 952 des
1221 910 1361 953 Crust.
1384 920 1426 953 et
1449 913 1522 953 des
1551 916 1717 955 Insect.
1738 948 1751 963 ,

137 996 242 1030 tom.
271 1003 319 1030 11
343 1021 358 1038 ,
391 1005 438 1044 p.
480 1003 584 1030 212.

194 1069 442 1125 IIylesinus
460 1069 726 1127 ligniperda.
750 1070 879 1109 ΕΑΒ.
903 1069 1090 1124 System.
1116 1067 1244 1110 eleut.
1271 1100 1281 1121 5
1305 1077 1409 1110 tom.
1438 1085 1462 1110 2
1480 1102 1492 1117 ‚
1511 1086 1562 1127 p.
1587 1073 1686 1127 591.

193 1150 455 1191 Bostriclzus
474 1148 742 1206 ligniperda.
765 1151 935 1189 ΡΑΥΚ.
954 1151 1105 1190 Faun.
1127 1147 1253 1189 Suec.
1279 1181 1290 1202 5
1313 1157 1418 1191 tom.
1444 1151 1492 1204 55
1507 1167 1558 1208 p.
1586 1152 1684 1209 149.

193 1234 421 1272 HERBST.
446 1229 644 1285 Coleopt.
669 1229 694 1270 5
712 1261 724 1282 ‚
751 1228 848 1270 tab.
873 1229 929 1270 48
948 1261 959 1282 5
988 1230 1075 1286 fig.
1101 1231 1142 1271 4.

193 1312 379 1352 Habitat
404 1312 452 1350 in
476 1310 625 1350 Gallia
641 1342 652 1363 5
676 1310 758 1350 sub
791 1310 1006 1364 pinorum
1038 1309 1300 1352 corticibus.

189 1441 594 1483 Ossenvxnossss.
618 1440 824 1496 Scolytus
846 1440 1099 1497 ligniperda
1120 1440 1309 1481 Domini
1335 1440 1511 1480 Olivier
1533 1472 1544 1492 ‚
1580 1441 1632 1479 ab
1667 1441 1744 1480 illo

133 1538 156 1563 e
186 1536 339 1562 museo
374 1530 527 1562 nostro
558 1522 833 1576 descriptus,
861 1520 1123 1575 praecedenti
1159 1519 1330 1572 affinis,
1363 1527 1406 1559 at
1434 1520 1522 1559 fere
1554 1520 1746 1560 dimidio

133 1601 286 1641 minor
311 1630 321 1648 ,
356 1601 488 1656 paulo
520 1601 772 1654 angustior,
791 1607 908 1650 ater,
934 1599 1136 1651 nitidus,
1154 1599 1510 1652 glabriusculus3
1533 1599 1742 1639 antennis

132 1678 351 1730 tarsisque
384 1678 520 1731 piceis
543 1696 554 1728 3
577 1677 735 1731 capilis
757 1683 878 1730 parte
903 1676 1049 1715 antica
1067 1684 1109 1715 et
1128 1676 1276 1715 media
1297 1676 1500 1715 carinula
1522 1675 1742 1715 lineolave

130 1757 301 1796 elevata
322 1789 331 1808 ,
356 1757 515 1810 aequali
535 1788 545 1807 5
572 1755 626 1796 ad
658 1755 861 1795 medium
901 1755 1065 1794 frontis
1103 1768 1243 1808 usque
1280 1754 1370 1794 fere
1401 1754 1637 1808 perducta3
1666 1768 1740 1793 ore

129 1835 290 1876 villoso
311 1855 320 1888 3
341 1836 517 1875 thorace
543 1842 588 1875 et
617 1835 773 1886 elytris
807 1848 943 1888 quam
976 1835 1023 1874 in
1058 1835 1329 1888 praecedente
1349 1834 1483 1874 latius
1505 1834 1742 1887 impresso-

129 1918 356 1973 punctatis
381 1937 391 1970 3
424 1917 603 1958 thorace
631 1916 769 1970 spatio
801 1915 966 1956 dorsali
997 1915 1098 1956 laevi
1132 1914 1224 1955 fere
1268 1915 1396 1955 nullo
1417 1933 1427 1966 5
1449 1914 1605 1966 elytris
1629 1914 1739 1956 sub-

129 1996 382 2050 rugosulis,
415 1996 509 2035 basi
541 2003 660 2036 recta
685 2014 695 2047 5
721 1996 899 2049 singulo
939 2002 1212 2049 punctorum
1250 2002 1565 2034 excavatorum
1607 1993 1741 2032 lineis

130 2081 226 2113 octo
253 2079 331 2112 aut
362 2087 524 2112 novem
556 2072 807 2123 distinctis3
845 2072 967 2111 tibiis
992 2079 1043 2111 ut
1075 2071 1120 2111 in
1144 2071 1434 2125 praecedente.
1456 2093 1510 2101 —-
1535 2070 1607 2108 An
1642 2072 1742 2123 Hy-

130 2150 295 2190 lesinus
316 2149 558 2205 piniperda
575 2146 806 2188 Fabricii?
825 2172 880 2180 —
901 2148 1161 2189 Bostriclzus
1178 2147 1422 2204 piniperda
1443 2145 1663 2198 Paykull?
1684 2169 1739 2177 —

129 2229 209 2283 Ips
239 2228 367 2282 niger
390 2225 615 2265 Marsham
638 2223 658 2264 ?

185 2303 508 2358 Ipspc'niperda
523 2303 678 2342 ultimi
699 2334 709 2354 ,
736 2316 788 2342 ex
808 2303 973 2356 Anglia
995 2317 1019 2341 a
1034 2302 1231 2342 Domino
1251 2300 1467 2353 Kirbyad
1484 2313 1554 2339 me
1576 2301 1708 2340 missa
1728 2331 1738 2350 5

127 2383 316 2440 hylurgo
354 2381 619 2439 ligniperdoe
656 2389 806 2421 nostro
844 2382 1049 2435 proxima
1075 2412 1086 2432 5
1120 2388 1163 2420 at
1202 2380 1318 2431 alia3
1360 2380 1510 2419 minor
1536 2409 1546 2429 ,
1595 2379 1737 2418 forma

128 2460 329 2499 breviori
360 2467 404 2499 et
438 2458 625 2509 latiori,
670 2459 828 2512 nigra,
882 2458 1029 2498 nitida
1051 2489 1062 2509 5
1109 2458 1320 2497 villosula
1341 2489 1352 2508 ,
1391 2469 1496 2509 vage
1536 2463 1737 2509 punctu-

125 2536 212 2575 laza
238 2568 248 2587 ,
291 2535 470 2590 punctis
506 2549 642 2589 quam
681 2535 731 2575 in
773 2535 1124 2588 praecedentibus
1175 2534 1428 2575 minoribus
1469 2551 1478 2585 3
1528 2533 1737 2572 antennis

125 2618 344 2670 tarsisque
362 2616 691 2656 rufescentibus
713 2634 722 2667 5
742 2615 887 2668 capite
914 2616 1061 2655 amice
1093 2623 1137 2655 et
1177 2615 1227 2655 in
1260 2615 1410 2654 medio
1446 2613 1612 2653 lineola
1644 2613 1735 2653 elc-

125 2705 226 2737 vala
251 2729 261 2748 5
297 2697 457 2750 aequali
476 2728 487 2747 5
513 2704 563 2736 ut
585 2697 632 2736 in
655 2695 828 2748 scolyto
850 2694 1105 2752 Zigm'percla
1121 2694 1310 2734 Domini
1327 2693 1429 2732 Olix·
1440 2693 1504 2732 ier
1525 2710 1534 2743 5
1560 2692 1734 2731 thorace

124 2777 287 2831 postico
319 2776 476 2816 latiore
501 2789 637 2829 quam
664 2774 865 2828 longiore
886 2805 896 2825 ‚
918 2774 1076 2824 elytris
1099 2787 1188 2814 non
1215 2773 1385 2826 rugosis
1415 2803 1425 2822 ‚
1457 2772 1634 2825 punctis
1660 2785 1736 2824 per

122 2855 259 2895 series
285 2869 545 2895 numerosas
569 2886 580 2905 5
612 2867 805 2908 quarum
842 2854 891 2893 in
923 2852 1100 2905 singulo
1133 2859 1234 2892 octo
1268 2858 1345 2890 aut
1388 2864 1550 2889 novem
1597 2850 1734 2902 magis

124 2933 265 2972 obviae
284 2963 296 2983 ,
328 2934 507 2988 digestis
534 2953 544 2986 3
583 2934 677 2973 basi
709 2941 923 2984 arcuata3
957 2932 1190 2972 crenulzua
1215 2949 1224 2983 3
1250 2930 1451 2984 apicibus
1487 2929 1736 2968 striato-[u-

124 3011 395 3064 berculalis3
424 3013 550 3053 tibiis
573 3026 709 3066 quam
755 3013 803 3052 in
847 3010 1198 3066 praecedentibus
1237 3009 1390 3048 minus
1421 3005 1627 3046 dentatis.
1661 3006 1734 3047 Ad

126 3087 239 3129 hanc
262 3089 455 3144 speciem
476 3090 542 3146 ips
556 3092 797 3148 piniperda
813 3090 880 3131 De
904 3089 1022 3130 Gecr
1039 3085 1272 3129 referenda
1291 3083 1403 3126 mihi
1428 3083 1622 3124 videtur.
