2085 3652
315 250 347 290 2
681 223 993 290 Insecta.
1052 226 1542 297 Pterodicera,

316 355 571 421 plerisque
603 370 773 418 ungue
805 371 990 402 corneo
1026 365 1074 403 et
1107 355 1312 406 interno
1358 359 1645 418 instructae,
1682 379 1917 428 processu

314 456 518 492 externo
557 441 617 489 ad
652 441 799 488 basin
833 453 1118 504 attenuato,
1165 444 1304 493 intus
1342 447 1657 496 subarcuato.
1694 453 1917 498 Labium

314 529 763 578 membranaceum
801 528 864 576 ad
900 529 1046 578 basin
1093 532 1378 600 (mentum)
1425 545 1701 584 transverse
1737 537 1917 585 brevi-

312 629 490 683 terque
522 635 796 678 corneum,
829 618 1018 666 sensim
1048 619 1233 668 deinde
1259 621 1489 669 medium
1524 639 1697 670 versus
1731 640 1919 689 angus-

309 715 502 764 tatum,
542 715 655 753 tum
703 704 1002 767 dilatatum,
1041 708 1371 770 cordiforme,
1407 709 1784 776 emarginatum
1831 722 1918 758 aut

309 790 582 858 bifidum.)

369 899 685 938 OBSERVATIO.
717 899 1037 940 Antennarum
1062 900 1246 940 articuli
1270 908 1359 941 tres
1374 901 1530 942 ultimi
1552 901 1697 941 colore
1713 901 1912 941 obscuro.

376 1057 562 1105 STIRPS
598 1073 846 1104 SECUNDA.
885 1058 1326 1106 NJTJDULARJAE.
1363 1060 1727 1107 Nitidulaires.

382 1166 570 1227 Corpus
609 1162 899 1228 depressum
923 1200 936 1224 ,
994 1162 1271 1211 latitudine
1312 1162 1639 1213 altitudinem
1690 1163 1915 1213 multum

303 1250 491 1316 (duplo
514 1251 721 1299 circiter
755 1262 842 1298 aut
876 1249 1131 1318 amplius)
1167 1261 1463 1316 superante,
1503 1252 1652 1299 dorso
1678 1251 1913 1318 planius-

307 1335 425 1384 culo
462 1335 707 1384 leviterve
738 1353 980 1384 convexo.
1015 1336 1181 1399 Caput
1217 1335 1414 1383 thoraci
1457 1335 1518 1383 ad
1547 1335 1723 1385 oculos
1757 1355 1913 1403 usque

311 1425 580 1473 intrusum.
610 1426 678 1472 Os
709 1423 765 1471 in
790 1422 968 1471 multis
988 1421 1372 1488 prominulum,
1403 1423 1720 1473 mandibulis
1748 1426 1915 1491 saepis-

308 1513 435 1561 sime
482 1512 622 1576 apice
655 1510 984 1576 emarginatis
1015 1520 1102 1557 aut
1133 1508 1474 1559 denticulatis.
1515 1512 1715 1559 Thorax
1742 1521 1910 1560 trans-

306 1616 448 1646 verso
476 1627 501 1634 -
522 1596 896 1662 subquadratus
945 1607 1032 1644 aut
1093 1596 1576 1662 subtrapeziformis.
1641 1601 1787 1644 Tarsi
1854 1596 1908 1644 in

307 1684 485 1733 multis
522 1683 739 1732 articulo
782 1694 963 1749 quarto
1000 1683 1336 1743 brevissimo,
1382 1682 1602 1731 secundo
1656 1683 1908 1749 tertioque

307 1785 432 1820 tunc
463 1770 637 1819 bifidis
675 1781 760 1818 aut
790 1769 1337 1837 dilatato-spongiosi&

371 1883 539 1944 Palpz‘
568 1879 871 1945 plerumque
903 1878 1198 1938 filiformes,
1229 1879 1432 1942 breves3
1457 1878 1747 1926 maxillares
1765 1890 1814 1927 et
1833 1877 1910 1927 la-

302 1965 464 2016 biales
479 2004 491 2027 ,
518 1977 604 2014 aut
636 1966 723 2029 isti
745 1964 913 2013 solum
932 1978 981 2014 et
1004 1966 1058 2013 in
1087 1964 1288 2030 paucis,
1311 1976 1598 2024 extrorsum
1628 1964 1908 2013 crassiores,

304 2053 641 2100 Mandibaloe
673 2052 936 2117 depressae,
975 2051 1309 2118 subtrigonae,
1360 2050 1517 2099 latere
1562 2061 1772 2098 externo
1823 2067 1911 2097 ar-

306 2151 454 2188 cuato
488 2137 782 2204 anguloque
823 2139 932 2204 ejus
969 2138 1141 2186 baseos
1176 2149 1321 2186 extus
1364 2137 1642 2203 producto,
1674 2137 1911 2202 apicibus

308 2224 484 2272 acutis.
522 2225 770 2270 Maxilla?
804 2223 858 2269 in
890 2221 1068 2269 multis
1100 2239 1337 2287 processu
1367 2221 1550 2283 unico,
1584 2222 1641 2268 in
1678 2220 1792 2269 aliis
1813 2220 1913 2269 du-

303 2311 458 2377 plici,
493 2310 548 2358 in
570 2308 838 2358 nonnullis
865 2327 1034 2375 ungue
1059 2327 1274 2371 corneo,
1308 2308 1633 2357 subobsoleto
1648 2347 1661 2370 ,
1693 2310 1917 2370 interno,

306 2400 531 2448 munitae.
565 2400 792 2447 Labium
835 2398 1310 2457 membranaceum,
1355 2396 1786 2464 subquadratum,
1825 2414 1914 2444 sae-

304 2485 421 2549 pius
456 2483 518 2532 ad
557 2482 843 2548 marginem
880 2499 1122 2548 superum
1157 2482 1532 2548 emarginatum
1564 2480 1645 2529 vel
1679 2481 1914 2529 subinte-

307 2589 455 2637 grum
490 2592 502 2634 3
550 2583 713 2618 mento
758 2588 942 2618 corneo
995 2570 1473 2636 subtrapeziformi,
1523 2569 1700 2634 saepius
1740 2579 1910 2617 trans-

308 2674 477 2718 verso,
524 2658 720 2723 apicem
758 2674 934 2705 versus
980 2667 1274 2722 angustato,
1324 2656 1555 2721 margine
1590 2671 1769 2719 supero
1806 2653 1908 2703 late

305 2743 642 2809 emarginato,
686 2743 890 2809 angulis
919 2743 1148 2808 ejusdem
1185 2742 1511 2809 prominulis.

363 2886 679 2926 OBSERVA'rto.
711 2888 932 2925 Antennae
970 2883 1125 2936 saepius
1159 2882 1284 2922 clava
1325 2894 1595 2935 compressa,
1629 2879 1812 2920 articuli
1837 2880 1910 2919 ul-

302 2964 410 3006 timi
441 2962 562 3017 apice
587 2961 639 3001 ab
659 2960 798 3015 ipsius
827 2960 918 3000 basi
944 2959 993 2999 in
1019 2959 1229 3014 plurimis
1252 2958 1397 3000 veluti
1417 2957 1606 3014 abrupte
1627 2957 1853 2998 distincto.
