2085 3652
332 179 461 273 296
695 179 1004 245 Insecba.
1054 176 1270 242 Ptero
1279 175 1534 248 clicer'a.

321 310 549 352 trisulcato
567 307 787 358 costisque
816 312 1006 358 quatuor
1023 333 1033 352 ‚
1060 304 1231 345 duabus
1256 305 1412 346 mediis
1435 309 1600 362 postice
1620 308 1906 362 coeuntibus;

325 390 511 446 pedibus
541 384 884 437 nigricantibu55
910 385 1037 424 tibiis
1057 385 1249 440 spinulis
1274 386 1558 427 brevissimis,

386 462 598 518 Oxytelus
630 462 871 501 carinatas.
915 463 1080 502 GRAV.
1115 462 1306 518 Coleopt.
1331 464 1531 519 micropt.
1553 496 1567 513 ,
1589 479 1700 522 pag.
1729 467 1824 508 106.

386 537 568 595 Oxyte‘le
580 538 748 580 carene.
766 541 920 583 LATR.
936 540 1056 580 Hist.
1077 547 1173 582 nat.
1189 541 1262 583 des
1278 543 1415 583 Crust.
1443 550 1485 582 et
1505 543 1577 583 des
1592 545 1754 584 Insect.
1777 573 1788 595 ‚
1811 551 1912 583 tom.

326 635 351 676 9
371 651 382 673 ,
406 634 514 675 pag.
548 616 649 660 565.

383 703 447 740 Le
463 697 694 754 staphylin
715 699 842 745 noir,
873 696 902 738 ὰ
925 698 1108 739 corcelet
1130 698 1322 741 sillonm}
1341 707 1382 740 et
1408 699 1548 740 borde'.
1579 701 1761 741 Georf.
1793 700 1912 740 Hist.

324 780 397 821 des
415 781 577 820 Insect.
598 810 612 827 ,
638 785 739 819 tom.
765 793 781 818 1
809 809 823 826 ,
850 793 961 835 pag.
988 779 1087 834 567.

384 861 551 899 ΡΑΝΖ.
573 859 717 897 Faun.
740 859 903 897 Insect.
929 858 1070 897 Germ.
1086 876 1097 903 ,-
1112 855 1232 913 fasc.
1258 858 1311 911 57
1333 857 1444 914 ,fig·
1468 858 1537 898 24.

383 937 563 977 Parisiis
588 935 997 989 frequentissimus,
1019 937 1064 975 in
1093 938 1385 978 excrementis
1401 939 1627 980 humanis.

385 1016 678 1071 Staplzylinus
705 1017 857 1069 piceus
878 1016 1071 1055 Fabricii
1100 1047 1111 1066 ,
1147 1017 1323 1057 Olivier
1351 1050 1361 1069 ‚
1403 1019 1456 1057 ab
1498 1019 1673 1071 oxytelo
1716 1020 1919 1059 carinato

331 1098 570 1154 praesertim
603 1097 749 1137 differt
775 1096 930 1147 elytris
954 1095 1231 1150 pedibusque
1263 1098 1479 1136 testaceis.

388 1200 685 1239 ANNOTATto.
718 1195 871 1234 Genus
903 1192 1144 1234 Callicerus
1172 1194 1476 1235 Gravenhorst
1495 1209 1518 1234 a
1535 1209 1605 1235 me
1627 1208 1714 1234 non
1739 1195 1884 1236 visum
1908 1214 1918 1247 3

328 1272 603 1317 mandibulis
619 1272 674 1312 ad
688 1274 805 1312 latus
825 1273 1055 1312 internum
1079 1272 1362 1312 denticulatis
1380 1303 1393 1319 ‚
1420 1272 1602 1312 exsertis
1621 1302 1632 1323 ‚
1652 1271 1816 1313 validis
1837 1303 1848 1323 ,
1868 1272 1917 1310 in

328 1357 409 1397 hae
426 1354 618 1394 sectione
639 1351 940 1408 reponendum
965 1369 974 1402 3
994 1357 1036 1390 at
1052 1351 1197 1406 palpis
1214 1379 1226 1402 ‚
1246 1349 1385 1390 forma
1405 1357 1699 1391 antennarum
1714 1382 1725 1402 ‚
1745 1364 1920 1389 earum-

330 1433 432 1473 dem
459 1430 645 1471 articulo
666 1430 824 1470 ultimo
848 1430 1132 1483 longissimo,
1149 1430 1305 1470 habitu
1329 1429 1548 1486 corporis,
1573 1429 1759 1484 pedibus
1787 1427 1922 1469 Aleo-

333 1513 478 1554 charis
515 1512 691 1568 proxim
700 1525 724 1550 n
732 1526 770 1549 m
780 1541 789 1549 .

331 1649 370 1676 2.
391 1632 673 1677 Mandibuloe
703 1631 908 1674 dentibus
928 1631 1065 1675 nullis
1098 1632 1283 1673 internis
1314 1639 1393 1674 aut
1417 1633 1544 1672 unico
1567 1637 1743 1672 tantum
1762 1632 1921 1688 vixque

1059 1710 1203 1752 obvio.

332 1814 393 1869 A)
417 1828 642 1868 Antennae
676 1831 781 1863 ante
811 1820 958 1863 oculos
985 1821 1162 1862 insertoe
1185 1853 1195 1873 ,
1223 1835 1254 1861 a
1273 1820 1458 1861 secundo
1481 1819 1634 1861 baseos
1655 1819 1843 1862 articulo
1864 1821 1926 1861 ad

388 1904 599 1963 angulum
617 1903 718 1960 fere
747 1910 909 1944 rectum
943 1902 1065 1943 haud
1095 1901 1359 1943 divaricata?
1388 1927 1399 1949 ‚
1443 1897 1648 1941 articulis
1678 1897 1815 1942 nullis
1838 1906 1919 1939 aut

383 1985 623 2042 perpaucis
639 1988 661 2032 (
669 1983 695 2026 3
712 2004 766 2014 -
784 1984 841 2037 4)
859 1982 1146 2028 transversis,
1156 1979 1377 2035 plerisque
1392 1978 1639 2020 subconicis
1653 1984 1732 2019 aut
1747 1977 1920 2034 subglo-

391 2066 533 2114 hosis,
553 2062 777 2104 terminali
805 2062 1021 2105 subovato
1040 2092 1052 2114 ,
1077 2061 1140 2101 ad
1159 2060 1286 2105 basin
1307 2059 1543 2104 rotundato
1561 2089 1574 2106 ,
1595 2073 1683 2100 non
1694 2063 1914 2098 truncato.

327 2188 504 2243 (Palpz'
534 2188 655 2228 haud
683 2200 848 2242 semper
883 2182 1100 2225 subulati.
1148 2182 1293 2237 Caput
1323 2196 1410 2222 non
1444 2187 1655 2220 exsertum
1691 2180 1737 2219 in
1775 2178 1920 2219 omni-

389 2269 483 2309 bas.
522 2267 667 2308 Tibioe
701 2268 746 2306 in
782 2263 933 2305 multis
963 2264 1170 2319 spinosoe.
1204 2261 1368 2316 Elytra
1403 2259 1653 2303 abdominis
1690 2258 1919 2300 dimidium

386 2352 430 2386 et
467 2344 588 2387 ultra
612 2343 777 2398 soepius
811 2337 1011 2398 tege'ntc'a
1032 2342 1076 2393 )

401 2462 437 2487 a.
475 2443 756 2487 Mandibuloe
774 2443 946 2499 fissura
978 2443 1152 2482 interna
1176 2455 1327 2495 parva
1354 2446 1435 2480 aut
1459 2436 1836 2479 subunidentatae.

327 2549 513 2602 (Caput
547 2546 726 2585 thorace
760 2558 849 2584 non
883 2549 964 2583 aut
1000 2542 1076 2582 vix
1116 2541 1347 2596 angustius
1377 2570 1391 2587 ,
1436 2538 1585 2579 antice
1616 2524 1913 2576 rotundatum.

361 2626 505 2666 Tibioe
529 2624 651 2664 haud
665 2623 874 2678 spinosoe.
895 2622 1028 2663 Anus
1043 2618 1359 2676 appendicibus
1384 2615 1521 2658 nullis
1542 2622 1621 2656 aut
1641 2615 1887 2664 retractis).

392 2741 624 2791 CXLVI.
658 2741 854 2789 Gmws.
890 2741 1181 2789 LESTEVA.
1215 2738 1439 2786 Lesteve.

395 2831 762 2894 Staphylinus,
789 2830 928 2876 ΕΑΒ.
947 2864 964 2884 ,
992 2831 1178 2877 ΡΑΥΚ.
1195 2862 1211 2883 ,
1241 2825 1405 2872 Omr.
1426 2848 1490 2862 —-
1507 2821 1883 2886 Anthophagus
1909 2856 1924 2880 ‚

329 2920 786 2969 GRAVENHORST.
1070 2923 1075 2931 '

396 3027 560 3091 Palpi
587 3021 876 3073 maxillares
907 3019 1174 3070 filiformes
1210 3015 1391 3084 (haud
1419 3013 1643 3064 subulati
1663 3050 1678 3074 ,
1708 3008 1927 3060 articulo

1628 3097 1913 3168 penultimo

2063 3303 2085 3454 ,ιιὲζ.-Λ--
2073 3237 2081 3254 “-
2075 3211 2078 3223 ·-
2080 3174 2085 3191 μ,
2078 3132 2085 3153 ,,
2075 3102 2083 3106 ι
