2085 3652
337 233 363 279 1
377 208 462 279 58
699 205 1010 273 Insecta.
1066 203 1552 277 Pterodicera.

328 343 463 382 unico
499 346 691 378 tantum.
722 336 918 376 Maxillae
946 335 1041 376 basi
1067 345 1323 389 crustaceae,
1352 336 1585 392 saepissime
1603 340 1782 382 laciniis
1811 342 1924 383 dua-

325 424 436 471 bus,
469 426 653 458 externa
685 418 876 470 majore,
911 417 1172 471 subtrigona
1194 426 1272 458 aut
1304 419 1530 459 subovata.
1563 420 1767 462 Mentum
1799 437 1925 462 crus-

327 510 535 549 meeum,
583 511 607 536 a
645 497 764 536 labio
796 496 1076 537 distinctum.
1119 497 1314 538 Labium
1355 498 1634 552 cormeum,
1676 500 1921 542 hirsutum.

330 577 459 619 Oculi
480 578 646 634 soepc‘us
676 576 901 635 elongati,
932 579 1177 618 transversi
1199 584 1281 619 aut
1301 578 1588 635 emarginati.

653 711 1113 761 TRIBUS
1197 713 1606 772 PRIMA.

742 849 1044 888 NUBILL
1113 851 1496 890 OBSCUR&

389 968 722 1015 Mandibalae
755 967 894 1032 apice
950 968 1070 1016 fissae
1118 980 1203 1016 aut
1243 969 1441 1017 interne
1489 969 1583 1017 sub
1626 969 1768 1035 apice
1801 987 1926 1035 pro-

322 1052 480 1102 funde
510 1052 832 1119 emarginatae
852 1052 944 1118 (1).
982 1054 1235 1101 Antennoe
1262 1054 1595 1120 (plerumque
1618 1055 1821 1120 breves)
1844 1073 1927 1104 ca-

319 1140 443 1206 pitis
465 1140 558 1188 sub
582 1139 810 1204 margine
832 1138 1029 1187 laterali
1052 1151 1100 1187 et
1125 1141 1372 1205 producto
1394 1141 1694 1208 plerumque
1713 1143 1924 1206 insertae,

321 1226 499 1291 saepius
522 1224 724 1290 penitus
755 1237 838 1273 aut
872 1225 935 1273 ad
966 1227 1161 1292 apicem
1187 1227 1588 1289 moniliformes,
1622 1230 1927 1297 quandoque

320 1310 625 1377 perfoliatae3
665 1310 896 1361 articulis
933 1312 1113 1361 inferis
1140 1313 1192 1360 in
1224 1313 1492 1363 nonnullis
1527 1314 1928 1382 subcylindricis

323 1411 409 1447 aut
458 1400 844 1461 suhohconicis,
885 1400 1085 1450 ultimis
1119 1402 1470 1464 brevioribus,
1503 1405 1924 1471 rotundioribus5

320 1484 475 1534 tertio
519 1485 576 1532 in
620 1485 863 1534 omnibus
901 1485 1204 1553 plerumque
1244 1488 1477 1537 articulis
1513 1490 1771 1556 contiguis
1808 1489 1924 1540 lon-

318 1569 476 1635 giore.
515 1573 756 1618 Μεηίῑινη
790 1583 1134 1632 crustaceum,
1173 1573 1353 1637 saepius
1386 1592 1648 1640 magnum.
1695 1577 1922 1623 Labium

317 1656 602 1706 coriaceum
620 1694 632 1715 ,
661 1658 838 1719 breve,
862 1657 1050 1718 latum,
1083 1659 1437 1726 subintegrum
1463 1673 1550 1708 aut
1585 1661 1682 1710 late
1704 1663 1922 1728 emargi-

317 1752 525 1802 natum3
559 1741 685 1790 facie
716 1744 907 1808 postica
935 1742 1179 1791 carinata.
1218 1747 1382 1809 Palpi
1408 1744 1617 1794 labiales
1643 1745 1922 1794 maxillari-

318 1825 414 1873 bus
436 1825 706 1892 saepissime
728 1824 893 1874 multo
915 1826 1173 1875 breviores
1188 1865 1199 1886 ,
1219 1828 1439 1877 articulo
1461 1829 1645 1878 ultimo
1663 1831 1921 1891 crassiore,

317 1914 517 1964 obtuso.
548 1914 728 1981 (Pedes
757 1915 936 1980 saepius
961 1914 1171 1981 validi.)
1197 1919 1346 1964 Tarsi
1377 1917 1639 1983 unguibus
1668 1917 1919 1968 indivisis.

730 2069 1124 2119 DIVISIO
1190 2071 1510 2120 PRIMA.

589 2199 995 2240 sAssULOSI.
1057 2191 1659 2243 SABULICOLES.

385 2323 633 2370 Maxilloe
678 2340 913 2390 processu
957 2323 1163 2374 interno
1206 2344 1377 2393 ungue
1421 2344 1606 2376 corneo
1655 2327 1919 2377 instructo.

317 2411 572 2458 Antennae
618 2411 1022 2469 moniliformes,
1060 2413 1291 2462 articulis
1322 2414 1462 2462 intus
1498 2415 1552 2462 in
1584 2414 1785 2462 dentem
1816 2432 1922 2463 non

315 2498 646 2562 prominulis,
682 2500 777 2548 sub
806 2501 987 2566 capitis
1021 2502 1247 2568 margine
1280 2501 1478 2551 laterali
1513 2514 1563 2551 et
1593 2501 1840 2567 producto
1864 2501 1921 2552 in

320 2586 563 2634 omnibus
596 2586 810 2636 insertae.
849 2629 860 2637 ,

382 2671 614 2737 (Insecta
649 2674 904 2742 lucifuga,
938 2676 1208 2743 saepissime
1237 2677 1384 2743 nigra
1416 2687 1502 2726 aut
1538 2678 1776 2736 obscura,
1809 2675 1920 2742 ple-

379 2885 444 2942 (1)
477 2888 529 2927 In
551 2889 813 2943 Rz'piplzoris
847 2899 998 2930 tamen
1035 2893 1305 2931 mandibulae
1339 2892 1548 2932 inermes.
1577 2891 1801 2931 Antennis
1835 2893 1921 2932 fla-

320 2965 495 3005 bellatis
524 2965 577 3004 ab
611 2966 712 3004 aliis
737 2967 936 3020 ejusdem
964 2969 1172 3008 sectionis
1199 2969 1364 3022 optime
1392 2970 1713 3012 discernuntur
1733 2971 1822 3013 haec
1840 2971 1918 3011 in-

318 3052 450 3085 secta.
489 3045 659 3099 Inspice
693 3044 915 3087 familiam
943 3047 1202 3102 vigesimam
1235 3056 1456 3103 quartam.
